NAZIV,ŠIFRA,NETO_KOLIÈINA,JEDINICA_MJERE,PAKIRANJE,MARKA,MALOPRODAJNA_CIJENA,CIJENA_ZA_JEDINICU_MJERE,BARKOD,KATEGORIJA_PROIZVODA,Sidrena_cijena_na_02.05.2025
Milka Noisette,0000005,0.08,80g,Pakovanje,,1.99,24.88,7622210043955,Hrana,1.99
Mineralna voda gazirana,0000007,1.5,"1,5l",PET-Boca,Saguaro,0.4,0.27,4056489796367,Piæe,0.45
Mineralna voda gazirana,0000007,1.5,"1,5l",PET-Boca,Saguaro,0.4,0.27,4304493256590,Piæe,0.45
TUC Krekeri SK1,0000011,0.1,100g,Pakovanje,,1.15,11.5,5410041435702,Hrana,1.15
Always Ultra higijenski ulošci BA,0000017,0.058,"9 komada, 10 komada, 14 komada",Pakovanje,,1.66,0.12,4015400931225,Proizvodi za kuæanstvo,1.66
Always Ultra higijenski ulošci BA,0000017,0.058,"9 komada, 10 komada, 14 komada",Pakovanje,,1.66,0.18,8001841263854,Proizvodi za kuæanstvo,1.66
Lenor Omekšivaè G. Orchid 48 pranja,0000087,1.42,"1,42l",PET-Boca,,5.57,3.92,8001841375885,Sredstva za èišæenje,5.57
Lenor Omekšivaè Spring Awakening,0000115,3.2,"2x1,6l",PET-Boca,,5.99,1.87,8700216108904,Sredstva za èišæenje,5.99
Jar deter. za pranje suða Aloe & P.,0000195,1.376,"1,35l",PET-Boca,,3.49,2.59,8001841009544,Sredstva za èišæenje,3.49
Perwoll Tekuæi deter. Color 73pr.,0000331,4.12,"4,015l",PET-Boca,Henkel,9.35,2.33,9000101576955,Sredstva za èišæenje,9.35
Head & Shoulders šampon SK,0000344,0.516,500ml,PET-Boca,,6.59,13.18,8700216305303,Kozmetika,6.59
Silan Omekšivaè Aromatherapy Fra.,0000345,2.772,"2,772l",PET-Boca,Henkel,5.99,2.16,9000101581874,Sredstva za èišæenje,5.99
Pedigree Pseæe poslastice sort SK2,0000347,0.133,"123g,200g,77g",Vrecica,Mars,1.79,14.55,5998749141007,Proizvodi za kuæanstvo,1.79
Gillette Venus Smooth brijaè+patro.,0000371,0.039,1komad,Pakovanje,,10.99,10.99,8700216090254,Kozmetika,10.99
Silan Omekšivaè Sensitive 130pr.,0000451,2.86,"2,86l",PET-Boca,Henkel,5.99,2.09,9000101590128,Sredstva za èišæenje,5.99
Somat Sol za perilicu posuða,0000460,1.5,"1,5kg",Kart. na prekl.,Henkel,2.29,1.53,9000100147293,Sredstva za èišæenje,2.29
Somat Gel Excellence Duo Mega. Lem.,0000470,1.318,2x540ml,PET-Boca,,10.39,9.62,9000101819472,Sredstva za èišæenje,12.99
Purina one hrana za pse puretina,0000486,0.34,4x85g,Pakovanje,,2.79,8.21,8445290299079,Proizvodi za kuæanstvo,2.79
Krem sladoled orah,0001125,0.534,1000ml,Plitica,Bon Gelati,3.99,3.99,20086091,Hrana,3.99
"Pommes Frites, 2,5kg",0001172,2.5,"2,5kg",Vrecica,Harvest Basket,4.89,1.96,20073459,Hrana,4.89
"Pureæi Cordon Bleu, smrznuto",0001181,1,1000g,Vrecica,Culinea,4.49,4.49,20093853,Hrana,4.49
"Pureæi Cordon Bleu, smrznuto",0001181,1,1000g,Vrecica,Culinea,4.49,4.49,20093877,Hrana,4.49
Kornet jagoda,0001183,0.07,120ml,Pakovanje,Ballino,0.59,4.92,20252243,Hrana,0.59
Kornet jagoda,0001183,0.07,120ml,Pakovanje,Ballino,0.59,4.92,20980238,Hrana,0.59
Sladoled kneževa rolada,0001190,0.49,1l,Kart. na prekl.,Ballino,2.99,2.99,20125134,Hrana,2.99
Sladoled u kornetu - vanilija,0001247,0.074,120ml,Pakovanje,Ballino,0.59,4.92,4056489799108,Hrana,0.59
Nescafé Classic,0001252,0.2,200g,Limenka,Nestlé,9.99,49.95,7891000088968,Piæe,8.99
"Jadranska srdela, cijela, smrz.",0001258,1,1kg,Vrecica,Okusi zavièaja,3.49,3.49,20308797,Hrana,3.49
"Dukatos Natur jogurt, 150g",0001265,0.15,150g,Posudica,,0.99,6.6,3850354009726,Hrana,0.99
Èokolada s rižom XXL,0001358,0.3,300g,Tabla,Fin Carré,3.65,12.17,20660772,Hrana,3.65
Sezam ploèice SK7,0001419,0.081,3x27g,Pakovanje,Crownfield,0.44,5.43,20190576,Hrana,0.49
Sezam ploèice SK7,0001419,0.081,3x27g,Pakovanje,Crownfield,0.44,5.43,5907751602611,Hrana,0.49
"Pileæa prsa u ovitku, 500g",0001518,0.5,500g,Stanga,Pikok,3.69,7.38,20903831,Hrana,3.69
"Jogurt èvrsti 3,2% m.m.",0001566,0.18,180g,Posudica,Pilos,0.37,2.06,20447670,Hrana,0.37
"Jogurt èvrsti 3,2% m.m.",0001566,0.18,180g,Posudica,Pilos,0.37,2.06,3859889264402,Hrana,0.37
"Tekuæi jogurt 2,8% m.m.",0001572,0.18,180g,Posudica,Pilos,0.37,2.06,3859888148888,Hrana,0.37
"b.Aktiv s LGG natur, 150g",0001614,0.15,150g,Posudica,,0.65,4.33,3850354019121,Hrana,0.65
"Osjeèka/Dalmatinska kob. SK1, SK2",0001727,0.1,100g,Atmos-Pakiranje,Okusi zavièaja,1.29,12.9,20491949,Hrana,2.19
Gouda sir,0001744,0.5,500g,Pakovanje,Pilos,4.99,9.98,20385330,Hrana,4.99
"Janjetina, bez glave, cca. 2kg",0001763,1,cca. 2kg,Atmos-Pakiranje,Naša mesnica,14.99,14.99,2123843000000,Hrana,14.99
"Voæni jogurt 1,8%, SK45, SK46",0001798,0.25,250g,Posudica,Milbona,0.79,3.16,20039363,Hrana,0.79
"Voæni jogurt 1,8%, SK45, SK46",0001798,0.25,250g,Posudica,Milbona,0.79,3.16,4056489232650,Hrana,0.79
Jogurt Duo èokolada SK14,0001804,0.175,175g,Posudica,Pilos,0.89,5.09,20097721,Hrana,0.89
Pripr. od svj. sira s voæem SK4,0001817,0.125,125g,Posudica,Milbona,0.55,4.4,20050320,Hrana,0.55
Svježa pileæa krila,0001915,1,ca. 500g,Atmos-Pakiranje,Naša mesnica,2.99,2.99,2852006000000,Hrana,4.19
Svježa pileæa krila,0001915,1,ca. 500g,Atmos-Pakiranje,Naša mesnica,2.99,2.99,2891980000000,Hrana,4.19
Meki kravlji sir 45% m.m.,0001931,0.25,250g,Pakovanje,Milbona,2.29,9.16,20002251,Hrana,2.29
Meki kravlji sir 45% m.m.,0001931,0.25,250g,Pakovanje,Milbona,2.29,9.16,4056489203285,Hrana,2.29
"Dim. svinjska koljenica, cca. 1,4kg",0001936,1,"ca. 1,4kg",Vakumir. pakov.,Pikok,6.99,6.99,2113440000000,Hrana,6.99
"Rolana lopatica bez kože cca. 1,3kg",0001994,1,"ca. 1,3kg",Vakumir. pakov.,Pikok,5.75,5.75,2819940000000,Hrana,5.75
"Rolana lopatica bez kože cca. 1,3kg",0001994,1,"ca. 1,3kg",Vakumir. pakov.,Pikok,5.75,5.75,2819945000000,Hrana,5.75
"Rolana lopatica bez kože cca. 1,3kg",0001994,1,"ca. 1,3kg",Vakumir. pakov.,Pikok,5.75,5.75,2847715000000,Hrana,5.75
"Dukat Vrhnje za kuh. 20%, 500g",0002023,0.5,500g,Pakovanje,,3.39,6.78,3850354017172,Hrana,3.39
Mljeveni crni papar,0002095,0.1,100g,Vrecica,Kania,1.49,14.9,20919627,Hrana,1.79
Fritt Voæne karamele SK18 ,0002167,0.07,70g,Pakovanje,,0.99,14.14,4000607523205,Hrana,0.99
Fritt Voæne karamele SK18 ,0002167,0.07,70g,Pakovanje,,0.99,14.14,5901783034242,Hrana,0.99
Nescafé Cappuccino sort.,0002183,0.135,"112g,148g",Kart. na prekl.,Nestlé,4.19,29.1,5011546477633,Piæe,4.19
Nescafé Cappuccino sort.,0002183,0.135,"112g,148g",Kart. na prekl.,Nestlé,4.19,37.41,7613034172181,Piæe,4.19
Nescafé Cappuccino sort.,0002183,0.135,"112g,148g",Kart. na prekl.,Nestlé,4.19,30.81,7613034172181,Piæe,4.19
Nescafé Cappuccino sort.,0002183,0.135,"112g,148g",Kart. na prekl.,Nestlé,4.19,30.81,7613034532275,Piæe,4.19
Nescafé Cappuccino sort.,0002183,0.135,"112g,148g",Kart. na prekl.,Nestlé,4.19,30.81,7613035440081,Piæe,4.19
Nescafé Cappuccino sort.,0002183,0.135,"112g,148g",Kart. na prekl.,Nestlé,4.19,37.41,7613035705746,Piæe,4.19
Nescafé Cappuccino sort.,0002183,0.135,"112g,148g",Kart. na prekl.,Nestlé,4.19,30.81,7613036204897,Piæe,4.19
Kiara Kristal šeæer 1kg ,0002220,1,1kg,Vrecica,,0.99,0.99,3859888117105,Hrana,0.99
Kiara Kristal šeæer 1kg ,0002220,1,1kg,Vrecica,,0.99,0.99,9007829021019,Hrana,0.99
"Brašno TIP 550 glatko, 1kg",0002225,1,1kg,Pakovanje,Belbake,0.68,0.68,3859892051044,Hrana,0.75
"Brašno TIP 550 glatko, 1kg",0002225,1,1kg,Pakovanje,Belbake,0.68,0.68,4056489316084,Hrana,0.75
Riža okruglog zrna Originario,0002273,1,1kg,Kart. na prekl.,Golden Sun,1.99,1.99,4056489534273,Hrana,1.99
Namaz od obranog mlijeka i kakaa,0002345,0.75,750g,Staklo,Mister Choc,3.69,4.92,20003555,Hrana,3.69
Sterilizirani crveni grah,0002494,0.41,425ml,Limenka,Freshona,0.79,3.1,20004231,Hrana,0.79
Sterilizirani grah borlotti,0002496,0.4,425ml,Limenka,Freshona,0.59,2.46,20009809,Hrana,0.59
"Džem od jagode, 450g",0002602,0.45,450g,Staklo,Maribel,2.39,5.31,20000653,Hrana,2.59
"Sprite, 2l ",0002668,2.08,2l,PET-Boca,Coca-Cola,2.28,1.14,5449000335036,Piæe,2.28
"Soft cake naranèa, 150g",0002742,0.15,150g,Pakovanje,Tastino,1.15,7.67,20051716,Hrana,1.15
Mlijeèna èokolada s lješnjacima,0002814,0.1,100g,Tabla,Fin Carré,1.39,13.9,20029838,Hrana,1.39
Airwaves žvakaæe gume SK2,0002906,0.014,14g,Pakovanje,Mars,0.99,0.99,42124139,Hrana,0.99
Airwaves žvakaæe gume SK2,0002906,0.014,14g,Pakovanje,Mars,0.99,0.99,42189633,Hrana,0.99
Milka Èokolada sort.,0002911,0.281,"270g, 276g, 300g",Pakovanje,,5.99,22.19,7622200004607,Hrana,5.99
Milka Èokolada sort.,0002911,0.281,"270g, 276g, 300g",Pakovanje,,5.99,21.7,7622200009084,Hrana,5.99
Milka Èokolada sort.,0002911,0.281,"270g, 276g, 300g",Pakovanje,,5.99,22.19,7622210273178,Hrana,5.99
Milka Èokolada sort.,0002911,0.281,"270g, 276g, 300g",Pakovanje,,5.99,19.97,7622210275516,Hrana,5.99
Milka Èokolada sort.,0002911,0.281,"270g, 276g, 300g",Pakovanje,,5.99,21.7,7622210702562,Hrana,5.99
Milka Èokolada sort.,0002911,0.281,"270g, 276g, 300g",Pakovanje,,5.99,21.7,7622300134532,Hrana,5.99
Milka Èokolada sort.,0002911,0.281,"270g, 276g, 300g",Pakovanje,,5.99,21.7,7622400717055,Hrana,5.99
"Biskvit SK2, SK13 400g",0002940,0.4,400g,Pakovanje,Confiserie Firenze,2.49,6.23,20139766,Hrana,2.69
"London Dry Gin 37,5% Vol.",0003000,0.67,"0,7l",Boca,Castelgy,5.69,8.13,4304493262256,Piæe,5.69
Kompletna hrana za maèke SK19,0003002,0.1,100g,Plitica,Coshida,0.45,4.5,20106775,Proizvodi za kuæanstvo,0.45
Kompletna hrana za maèke SK19,0003002,0.1,100g,Plitica,Coshida,0.45,4.5,20302498,Proizvodi za kuæanstvo,0.45
Kompletna hrana za maèke SK19,0003002,0.1,100g,Plitica,Coshida,0.45,4.5,20407490,Proizvodi za kuæanstvo,0.45
"Whiskas Izab. obroci, 4x100g SK1",0003004,0.4,4x100g,Pakovanje,Mars,2.37,5.93,4770608259303,Proizvodi za kuæanstvo,2.37
Potpuna hrana za pse SK1,0003024,10,10kg,Vrecica,Orlando,11.89,1.19,4056489142249,Proizvodi za kuæanstvo,11.89
Potpuna suha hrana za pse s inulin.,0003025,3,3kg,Vrecica,Orlando,5.49,1.83,4056489142676,Proizvodi za kuæanstvo,5.49
Šampon za svakodne. pranje kose SK6,0003034,0.515,500ml,PET-Boca,Cien,0.95,1.9,20208837,Kozmetika,1.39
Pro Vitamin šam. za njegu kose SK13,0003035,0.31,300ml,PET-Boca,Cien,1.29,4.3,20159382,Kozmetika,1.29
Pro Vitamin šam. za njegu kose SK13,0003035,0.31,300ml,PET-Boca,Cien,1.29,4.3,20159405,Kozmetika,1.29
Pro Vitamin šam. za njegu kose SK13,0003035,0.31,300ml,PET-Boca,Cien,1.29,4.3,20919368,Kozmetika,1.29
Pjena za kosu SK8,0003050,0.22,250ml,Limenka,Cien,1.33,5.32,20220457,Kozmetika,1.59
Pjena za kosu SK8,0003050,0.22,250ml,Limenka,Cien,1.33,5.32,20301903,Kozmetika,1.59
Lak za kosu SK13,0003054,0.31,400ml,Limenka,Cien,1.98,4.95,20152857,Kozmetika,2.39
Lak za kosu SK13,0003054,0.31,400ml,Limenka,Cien,1.98,4.95,20160401,Kozmetika,2.39
Lak za kosu SK13,0003054,0.31,400ml,Limenka,Cien,1.98,4.95,20490379,Kozmetika,2.39
"Cedevita Instant nap., SK5, 200g",0003086,0.2,200g,Posudica,,2.09,10.45,3850322009871,Piæe,2.09
Q10 krema za lice protiv bora SK7 ,0003089,0.051,50ml,Kart. na prekl.,Cien,2.89,57.8,4056489236108,Kozmetika,2.89
Losion poslije brijanja SK15,0003114,0.094,100ml,Kart. na prekl.,Cien MEN,2.39,23.9,20043681,Kozmetika,2.39
Losion poslije brijanja SK15,0003114,0.094,100ml,Kart. na prekl.,Cien MEN,2.39,23.9,20043698,Kozmetika,2.39
Losion poslije brijanja SK15,0003114,0.094,100ml,Kart. na prekl.,Cien MEN,2.39,23.9,20278656,Kozmetika,2.39
Losion poslije brijanja SK15,0003114,0.094,100ml,Kart. na prekl.,Cien MEN,2.39,23.9,20278663,Kozmetika,2.39
Losion poslije brijanja SK15,0003114,0.094,100ml,Kart. na prekl.,Cien MEN,2.39,23.9,4056489582441,Kozmetika,2.39
"Signal zubna pasta sort., 75ml",0003124,0.075,75ml,Tuba,,2.69,35.87,5900300056101,Kozmetika,2.19
"Tekuæina za ispiranje usta, SK15",0003125,0.508,500ml,PET-Boca,Dentalux,1.45,2.9,20964955,Kozmetika,1.45
Domestos sort.,0003183,0.75,750ml,Boca,,2.49,3.32,5996037079797,Sredstva za èišæenje,2.49
Sredstvo za èišæenje masnoæa SK12,0003191,0.753,750ml,PET-Boca,W5,1.99,2.65,4056489127611,Sredstva za èišæenje,1.99
Sredstvo za uklanjanje kamenca,0003193,0.523,500ml,PET-Boca,W5,1.25,2.5,20007300,Sredstva za èišæenje,1.25
Djeèje vlažne maramice,0003242,0.385,80komad,Pakovanje,Lupilu,1.09,0.01,20282172,Proizvodi za kuæanstvo,1.09
Tamponi SK3,0003257,0.054,24komad,Kart. na prekl.,Siempre,1.55,0.06,20110710,Proizvodi za kuæanstvo,1.55
Higijenski ulošci SK6,0003262,0.145,"14komad,20komad",Pakovanje,Siempre,1.29,0.06,20069650,Proizvodi za kuæanstvo,1.29
Kondomi od prirodnog lateksa SK1,0003281,0.013,12komad,Pakovanje,Mondos,1.89,0.16,20088453,Proizvodi za kuæanstvo,1.89
Kondomi od prirodnog lateksa SK1,0003281,0.013,12komad,Pakovanje,Mondos,1.89,0.16,4056489774204,Proizvodi za kuæanstvo,1.89
Spiralna žica od neh. èelika,0003308,0.08,4komad,Blister,W5,0.7,0.18,4052917563815,Proizvodi za kuæanstvo,0.7
"Alkalna baterija 1,5 V AAA",0003331,0.098,8komad,Pakovanje,Aerocell,1.99,0.25,4056489847649,Proizvodi za kuæanstvo,1.99
"Alkalna baterija 1,5V AA",0003332,0.19,8komad,Pakovanje,Aerocell,1.99,0.25,20080563,Proizvodi za kuæanstvo,1.99
"Alkalna baterija 1,5V AA",0003332,0.19,8komad,Pakovanje,Aerocell,1.99,0.25,4056489238294,Proizvodi za kuæanstvo,1.99
Kakao krem namaz s lješnjacima,0003387,0.75,750g,Staklo,Mister Choc,3.69,4.92,20016388,Hrana,3.69
"Studenac Gazirana mine. voda, 1,5l",0003465,1.5,"1,5l",PET-Boca,,0.89,0.59,3856022300836,Piæe,0.89
Gazirano piæe naranèa sa sladilom,0003610,2,2l,PET-Boca,Freeway,0.49,0.25,4056489159131,Piæe,0.89
Palette Int. Color Creme boja SK4,0003664,0.11,1komad,Kart. na prekl.,Henkel,4.25,4.25,3838824159652,Kozmetika,5.25
Palette Int. Color Creme boja SK4,0003664,0.11,1komad,Kart. na prekl.,Henkel,4.25,4.25,3838824349206,Kozmetika,5.25
Palette Int. Color Creme boja SK4,0003664,0.11,1komad,Kart. na prekl.,Henkel,4.25,4.25,3838824350516,Kozmetika,5.25
Palette Int. Color Creme boja SK4,0003664,0.11,1komad,Kart. na prekl.,Henkel,4.25,4.25,3838905170064,Kozmetika,5.25
"Axe Bodyspray sort., 150ml ",0003696,0.097,150ml,Limenka,,4.55,30.33,8718114148304,Kozmetika,4.55
Signal zubna pasta Whitening,0003703,0.125,125ml,Tuba,,2.99,23.92,5900300132515,Kozmetika,2.99
"Crema di Latte Macchiato, 17% Vol.",0003744,0.513,"0,5l",Boca,-,5.99,11.98,4304493262324,Piæe,5.99
"Coca Cola Zero, 2l",0003782,2,2l,PET-Boca,Coca-Cola,2.25,1.13,5449000131843,Piæe,2.25
Talijanski umaci SK8,0003805,0.42,400ml,Staklo,Combino,1.79,4.48,20003937,Hrana,1.79
"Trajno mlijeko 2,8% m.m.",0003904,1.031,1l,Pakovanje,Pilos,0.75,0.75,3859892277710,Hrana,0.79
"Trajno mlijeko 2,8% m.m.",0003904,1.031,1l,Pakovanje,Pilos,0.75,0.75,9066000783900,Hrana,0.79
Tvrdi bomboni u limenci SK7,0003929,0.2,200g,Limenka,Sweet Corner,1.59,7.95,20078690,Hrana,1.59
Pro Vitamin balzam za kosu SK9,0003947,0.299,300ml,PET-Boca,Cien,1.49,4.97,20250881,Kozmetika,1.49
Pro Vitamin balzam za kosu SK9,0003947,0.299,300ml,PET-Boca,Cien,1.49,4.97,4056489176367,Kozmetika,1.49
Pro-Vitamin Šampon 2u1 SK3,0003948,0.311,300ml,PET-Boca,Cien,1.49,4.97,20253981,Kozmetika,1.49
Nestlé KitKat Minis 18 kom.,0004448,0.301,301g,Vrecica,Nestlé,5.99,19.9,7613035312050,Hrana,4.99
Old Spice Deo stick,0004454,0.056,50ml,PET-Boca,,3.85,77,4015600858735,Kozmetika,3.85
Old Spice Deo stick,0004454,0.056,50ml,PET-Boca,,3.85,77,4084500490543,Kozmetika,3.85
Old Spice Deo stick,0004454,0.056,50ml,PET-Boca,,3.85,77,8001841283906,Kozmetika,3.85
Bebimil Hrana za dojenèad 1,0004473,0.6,600g,Pakovanje,,11.15,18.58,3859892697730,Hrana,11.25
"Schweppes Bitter Lemon, 1,5l",0004496,1.58,"1,5l",PET-Boca,Coca-Cola,2.23,1.49,5449000044709,Piæe,2.19
"Schweppes Tonic, 1,5l",0004499,1.55,"1,5l",PET-Boca,Coca-Cola,2.23,1.49,5449000044679,Piæe,2.23
"NUK Silikonske Dude varalice, Vel.1",0004531,0.032,2komad,Pakovanje,Mapa,5.29,5.29,4008600377832,Proizvodi za kuæanstvo,5.29
Heineken pivo 5.0 %,0004768,0.5,"0,5l",Limenka,,1.67,3.34,3830001714692,Piæe,1.67
"Trajno mlijeko 2,8% m.m.",0004777,12.372,12x1l,Pakovanje,Pilos,8.29,0.69,20778644,Hrana,8.29
Mileram 22% m.m.,0004807,0.9,900g,Kanta,Pilos,2.89,3.21,4056489317142,Hrana,2.89
Pelinkovac 31% vol.,0004836,1.01,1l,Boca,Alliance,7.89,7.89,4304493259300,Piæe,7.89
"Kviki Grickalice, SK1",0004962,0.13,130g,Vrecica,,1.29,9.92,3850104237461,Hrana,1.29
"Kviki Grickalice, SK1",0004962,0.13,130g,Vrecica,,1.29,9.92,3850104239618,Hrana,1.29
Carski sir komad,0004986,0.25,250g,Atmos-Pakiranje,Pilos,2.59,10.36,20980436,Hrana,2.59
Zdenka Topljeni sir SK1,0005039,0.14,140g,Pakovanje,,2.19,15.64,3858888590109,Hrana,2.19
Nestlé Nescafe 2u1/3u1,0005074,0.137,"80g, 140g, 155g",Vrecica,,2.99,37.38,5998710967650,Piæe,2.99
Nestlé Nescafe 2u1/3u1,0005074,0.137,"80g, 140g, 155g",Vrecica,,2.99,37.38,7613036842365,Piæe,2.99
Nestlé Nescafe 2u1/3u1,0005074,0.137,"80g, 140g, 155g",Vrecica,,2.99,17.59,7613036842365,Piæe,2.99
Nestlé Nescafe 2u1/3u1,0005074,0.137,"80g, 140g, 155g",Vrecica,,2.99,17.59,7613036843881,Piæe,2.99
Nestlé Nescafe 2u1/3u1,0005074,0.137,"80g, 140g, 155g",Vrecica,,2.99,37.38,7613036844475,Piæe,2.99
Nestlé Nescafe 2u1/3u1,0005074,0.137,"80g, 140g, 155g",Vrecica,,2.99,21.36,8445290749413,Piæe,2.99
Nestlé Nescafe 2u1/3u1,0005074,0.137,"80g, 140g, 155g",Vrecica,,2.99,19.29,8445290749413,Piæe,2.99
"BO Kruh s krumpirom, 400g",0005083,0.4,400g,Rasuto,,1.15,2.88,3858881509986,Hrana,1.15
"Argeta Kokošja pašteta SK2, 95g",0005140,0.095,95g,Limenka,,1.39,14.63,3838471043977,Hrana,1.39
"Argeta Kokošja pašteta SK2, 95g",0005140,0.095,95g,Limenka,,1.39,14.63,3838975567009,Hrana,1.39
Pivac Chardonnay,0005351,1.985,2l,PET-Boca,,2.89,1.45,5310140009326,Piæe,2.89
"Brašno TIP 400 oštro, 5kg",0005445,5,5kg,Pakovanje,Belbake,2.85,0.57,20366643,Hrana,2.85
"Instant napitak 3u1, 10x18g",0005543,0.18,180g,Vrecica,Bellarom,1.33,7.39,20117726,Piæe,1.33
"Èajni kolutiæi SK1, RFA",0005588,0.767,"700g,800g",Vrecica,Tastino,2.59,3.7,20538156,Hrana,2.59
"Èajni kolutiæi SK1, RFA",0005588,0.767,"700g,800g",Vrecica,Tastino,2.59,3.24,20538156,Hrana,2.59
"Svježi pileæi želuci, 500g",0005594,0.5,500g,Atmos-Pakiranje,,1.49,2.98,4056489074199,Hrana,1.49
Svježa pileæa jetra i srca,0005595,0.5,500g,Atmos-Pakiranje,Naša mesnica,1.4,2.8,4056489074182,Hrana,1.59
Svježi pileæi filet,0005607,1,ca. 500g,Atmos-Pakiranje,Naša mesnica,7.39,7.39,2136943000000,Hrana,7.39
Svježi pileæi filet,0005607,1,ca. 500g,Atmos-Pakiranje,Naša mesnica,7.39,7.39,2852022000000,Hrana,7.39
Svježi pileæi filet,0005607,1,ca. 500g,Atmos-Pakiranje,Naša mesnica,7.39,7.39,2852026000000,Hrana,7.39
"Coca Cola 5+1 gratis, 6x0,33l",0005627,2.06,"6x0,33l",Limenka,Coca-Cola,5.25,3.18,5000112619324,Piæe,5.25
Axe gel za tuširanje sort.,0005639,0.257,250ml,Boca,,2.99,11.96,54024892,Kozmetika,2.99
Axe gel za tuširanje sort.,0005639,0.257,250ml,Boca,,2.99,11.96,8710447276587,Kozmetika,2.99
Axe gel za tuširanje sort.,0005639,0.257,250ml,Boca,,2.99,11.96,8712561617901,Kozmetika,2.99
"Èoko. vafli kokos, UTZ, RFA",0005711,0.04,40g,Pakovanje,Sondey,0.39,0.39,20350536,Hrana,0.39
Argeta Junior kokošja pašteta 3x95g,0005751,0.285,3x95g,Pakovanje,,3.19,11.19,3838471033541,Hrana,3.49
Tic Tac SK5,0005761,0.018,18g,Pakovanje,,0.79,0.79,42276616,Hrana,0.79
Tic Tac SK5,0005761,0.018,18g,Pakovanje,,0.79,0.79,80052043,Hrana,0.79
Svinjsko mljeveno meso,0005811,0.45,450g,Atmos-Pakiranje,Naša mesnica,1.83,4.07,20446109,Hrana,1.83
Sensodyne Pasta za zube SK2,0005894,0.075,75ml,Tuba,,3.95,52.67,3800132250574,Kozmetika,3.95
Schauma šampon sort.,0005896,0.52,400ml,Boca,,3.17,7.93,4015000910750,Kozmetika,3.17
Schauma šampon sort.,0005896,0.52,400ml,Boca,,3.17,7.93,4015001005455,Kozmetika,3.17
Schauma šampon sort.,0005896,0.52,400ml,Boca,,3.17,7.93,4015001005684,Kozmetika,3.17
Schauma šampon sort.,0005896,0.52,400ml,Boca,,3.17,7.93,4015100197006,Kozmetika,3.17
Schauma šampon sort.,0005896,0.52,400ml,Boca,,3.17,7.93,4015100216493,Kozmetika,3.17
Schauma šampon sort.,0005896,0.52,400ml,Boca,,3.17,7.93,4015100216530,Kozmetika,3.17
"Orbit White žvakaæe gume sort., 14g",0005954,0.014,14g,Pakovanje,Mars,0.99,0.99,42069980,Hrana,0.99
Nivea Dezodorans roler SK1,0005958,0.052,50ml,Pakovanje,,3.95,79,4005900036070,Kozmetika,3.95
Nivea Dezodorans roler SK1,0005958,0.052,50ml,Pakovanje,,3.95,79,42241553,Kozmetika,3.95
Raid Sprej protiv mravi i žohara,0006231,0.315,300ml,Limenka,,5.59,18.63,8002030142875,Proizvodi za kuæanstvo,5.59
Amadori Svježi pureæi batak vp,0006274,1,cca. 1000g,Vakumir. pakov.,,2.39,2.39,2118912000000,Hrana,2.39
Kruškovac 25% vol.,0006304,1.08,1l,Boca,Alliance,7.89,7.89,4304493259294,Piæe,7.89
Ritter Sport SK17,0006343,0.1,100g,Tabla,Ritter,1.79,17.9,4000417023001,Hrana,1.79
Ritter Sport SK17,0006343,0.1,100g,Tabla,Ritter,1.79,17.9,4000417024008,Hrana,1.79
Ritter Sport SK17,0006343,0.1,100g,Tabla,Ritter,1.79,17.9,4000417222008,Hrana,1.79
Ritter Sport SK17,0006343,0.1,100g,Tabla,Ritter,1.79,17.9,4000417306005,Hrana,1.79
Èips slani,0006374,0.25,250g,Vrecica,Snack Day,1.59,6.36,20538996,Hrana,1.59
Pikant salama narezak,0006388,0.1,100g,Atmos-Pakiranje,Pikok,1.29,12.9,20491826,Hrana,1.29
Barcaffe mljevena kava Classic,0006449,0.5,500g,Vrecica,,5.99,11.98,3838471021272,Piæe,5.99
"Svježa pileæa leða, cca. 750g",0006457,1,ca. 750g,Atmos-Pakiranje,Naša mesnica,1.69,1.69,2852036000000,Hrana,1.69
"Svježa pileæa leða, cca. 750g",0006457,1,ca. 750g,Atmos-Pakiranje,Naša mesnica,1.69,1.69,2852037000000,Hrana,1.69
Danone Actimel BA 4x100g,0006461,0.4,4x100g,PET-Boca,Danone,1.59,3.98,8595002107182,Hrana,1.59
"Svježa pileæa prsa, bk sk, cca 500g",0006488,1,ca. 500g,Atmos-Pakiranje,Naša mesnica,5.89,5.89,2852055000000,Hrana,5.89
"Svježa pileæa prsa, bk sk, cca 500g",0006488,1,ca. 500g,Atmos-Pakiranje,Naša mesnica,5.89,5.89,2852057000000,Hrana,5.89
"Svježa pileæa prsa, bk sk, cca 500g",0006488,1,ca. 500g,Atmos-Pakiranje,Naša mesnica,5.89,5.89,2891140000000,Hrana,5.89
"Svježa pileæa prsa, bk sk, cca 500g",0006488,1,ca. 500g,Atmos-Pakiranje,Naša mesnica,5.89,5.89,2891145000000,Hrana,5.89
"Svježa pileæa prsa, bk sk, cca 500g",0006488,1,ca. 500g,Atmos-Pakiranje,Naša mesnica,5.89,5.89,3858890930849,Hrana,5.89
Svježi pileæi batak,0006489,1,ca. 500g,Atmos-Pakiranje,Naša mesnica,4.09,4.09,2852018000000,Hrana,4.09
Evropa Rahatlokum s ružom,0006552,0.4,400g,Kart. na prekl.,,1.79,4.48,5310002585265,Hrana,1.79
Èunga Lunga žvakaæe gume,0006554,0.035,35g,Pakovanje,,0.45,0.45,5310089004130,Hrana,0.45
Evropa Jadran vafli,0006555,0.3,300g,Pakovanje,,1.79,5.97,5310002700545,Hrana,1.79
"Domaæi rezanci s jajima, 400g",0006626,0.4,400g,Vrecica,Okusi zavièaja,1.27,3.18,20492311,Hrana,1.39
"BO Krafna marelica, 60g",0006663,0.06,60g,Rasuto,,0.55,9.17,3859888751293,Hrana,0.55
"Nutella, 1kg",0006686,1,1kg,Staklo,,9.49,9.49,4008400401829,Hrana,9.49
M&M's SK2,0007674,0.214,"187g,220g",Samost.vreca,,3.29,14.95,4011100005846,Hrana,3.29
M&M's SK2,0007674,0.214,"187g,220g",Samost.vreca,,3.29,17.59,5000159472005,Hrana,3.29
M&M's SK2,0007674,0.214,"187g,220g",Samost.vreca,,3.29,17.59,5000159484589,Hrana,3.29
Red Instant kava,0008422,0.2,200g,Staklo,Bellarom,4.75,23.75,20465902,Piæe,4.75
Studenac Gazirana mineralna voda ,0008473,6,"4x1,5l",PET-Boca,,2.29,0.38,3856022301499,Piæe,2.29
"Svježe pile, cca. 1,5kg",0008692,1,"ca. 1,5kg",Pakovanje,Naša mesnica,2.69,2.69,2108190000000,Hrana,3.09
"Odojak s glavom, cca. 2,3kg",0008752,1,"ca. 2,3kg",Atmos-Pakiranje,Naša mesnica,7.99,7.99,2113979000000,Hrana,7.99
"Mješavina èajnih peciva, RFA",0008919,1,1000g,Pakovanje,Sondey,8.09,8.09,20320041,Hrana,8.99
Mak mljeveni,0009017,0.2,200g,Vrecica,Belbake,1.59,7.95,20934804,Hrana,1.59
"Dodatak jelima, 1kg",0009045,1,1000g,Kozm.posudica,Kania,2.49,2.49,20360887,Hrana,2.49
"Svinjski file, cca. 400g",0009053,1,ca. 400g,Vakumir. pakov.,Naša mesnica,8.89,8.89,2123853000000,Hrana,8.89
Æevapèiæi,0009069,0.5,500g,Atmos-Pakiranje,Naša mesnica,3.79,7.58,20315573,Hrana,3.79
Æevapèiæi,0009071,1,1kg,Atmos-Pakiranje,Naša mesnica,4.89,4.89,20319571,Hrana,4.89
Coca Cola Zero 5+1 gratis,0009263,1.98,"6x0,33l",Limenka,Coca-Cola,5.25,2.65,5000112623475,Piæe,5.25
"Red Bull Energetski napitak, 250ml",0009328,0.25,"0,25l",Limenka,Red Bull,1.69,6.76,9002490100070,Piæe,1.69
Milka Choco Dess. Jaffa Jelly M. èo,0009678,0.128,128g,Pakovanje,,1.39,10.86,7622300479084,Hrana,1.39
Somat sjajilo za posuðe,0009733,0.506,500ml,Boca,,3.32,6.64,9000101072990,Sredstva za èišæenje,3.32
"Minas mljevena kava, 200g",0009877,0.2,200g,Vrecica,-,2.89,14.45,20278311,Piæe,2.79
"Alpska šunka u komadu, cca. 600g",0010237,1,ca. 600g,Vakumir. pakov.,Alpenfest,12.69,12.69,2810230000000,Hrana,12.69
"Alpska šunka u komadu, cca. 600g",0010237,1,ca. 600g,Vakumir. pakov.,Alpenfest,12.69,12.69,2810231000000,Hrana,12.69
"Alpska šunka u komadu, cca. 600g",0010237,1,ca. 600g,Vakumir. pakov.,Alpenfest,12.69,12.69,2810232000000,Hrana,12.69
"Alpska šunka u komadu, cca. 600g",0010237,1,ca. 600g,Vakumir. pakov.,Alpenfest,12.69,12.69,2810235000000,Hrana,12.69
"Alpska šunka u komadu, cca. 600g",0010237,1,ca. 600g,Vakumir. pakov.,Alpenfest,12.69,12.69,2868770000000,Hrana,12.69
"Grah s èilijem, ATG: 290g",0010404,0.42,425ml,Limenka,El Tequito,0.99,3.41,20122478,Hrana,0.99
Šunka narezana,0010707,0.1,100g,Atmos-Pakiranje,Dulano Selection,1.85,18.5,4056489114710,Hrana,1.85
Umak od rajèice,0010874,0.5,500g,Staklo,Combino,2.19,4.38,20003920,Hrana,2.19
"Mesnata slanina, dimljena",0010913,0.25,2x125g,Atmos-Pakiranje,Dulano,3.19,12.76,20064402,Hrana,3.19
Svinjske hrenovke u prir. ovitku,0011658,0.55,8x45g,Staklo,Alpenfest,3.89,10.81,20154974,Hrana,3.89
Kobasica SK13,0011790,0.2,200g,Atmos-Pakiranje,Dulano,2.39,11.95,20012571,Hrana,2.15
Kobasica SK13,0011790,0.2,200g,Atmos-Pakiranje,Dulano,2.39,11.95,20097264,Hrana,2.15
Narezana salama SK35,0011808,0.125,125g,Atmos-Pakiranje,Dulano,2.19,17.52,20030162,Hrana,2.19
Narezana salama SK35,0011808,0.125,125g,Atmos-Pakiranje,Dulano,2.19,17.52,20030179,Hrana,2.19
Mediteranski pršut SK24,0011818,0.1,100g,Atmos-Pakiranje,Dulano Selection,2.59,25.9,4056489115144,Hrana,2.59
Pileæa i pureæa prsa QS SK18,0011880,0.2,200g,Atmos-Pakiranje,Dulano,2.99,14.95,4056489115243,Hrana,2.99
Salsa umak SK8,0011890,0.31,"300g,315g",Staklo,Snack Day,1.59,5.05,20108618,Hrana,1.59
Krumpir salata SK2,0011924,1,1kg,Posudica,Alpenfest,2.89,2.89,4056489129851,Hrana,2.89
Azijska juha SK12,0012009,0.4,400ml,Limenka,Vitasia,1.39,3.48,20119706,Hrana,1.39
Slatka zaèinska paprika,0012050,0.05,50g,Staklo,Kania,1.09,21.8,20000295,Hrana,1.09
Smrznuto povræe za tavu SK21,0012083,0.75,750g,Vrecica,Freshona,2.99,3.99,4056489447801,Hrana,2.99
Premium jogurt SK15,0012564,0.15,150g,Posudica,Milbona,1.09,7.27,4056489516743,Hrana,1.09
Suhe brusnice,0012969,0.2,200g,Vrecica,Alesto Selection,2.15,10.75,4056489167051,Hrana,2.15
Belgijske praline,0018726,0.36,360g,Kart. na prekl.,J.D. Gross,5.49,15.25,20125486,Hrana,5.49
Penne Rigate,0019089,0.5,500g,Vrecica,Combino,1.09,2.18,20012151,Hrana,1.09
Filter za kavu No.4,0019145,0.185,100komad,Kart. na prekl.,Bellarom,1.29,0.01,20007539,Proizvodi za kuæanstvo,1.29
Mini pjenasti poljupci ,0019668,0.266,266g,Kart. na prekl.,Alpenfest,2.99,11.24,20005924,Hrana,2.99
Tjestenina s jajima,0019889,0.5,500g,Vrecica,Combino,1.99,3.98,4056489962540,Hrana,1.99
Hrskavi müsli SK2,0019931,0.6,600g,Kart. na prekl.,Crownfield,3.35,5.58,4056489209980,Hrana,3.35
Hrskavi müsli SK2,0019931,0.6,600g,Kart. na prekl.,Crownfield,3.35,5.58,4056489209997,Hrana,3.35
Kolaè od sira SK4,0021011,0.5,500g,Pakovanje,Alpenfest,2.59,5.18,20139872,Hrana,2.59
Sredstvo za èišæenje poda SK17,0021341,1.01,1l,PET-Boca,W5,1.85,1.85,20553258,Sredstva za èišæenje,1.85
Prawn Crackers,0021860,0.1,100g,Vrecica,Vitasia,1.59,15.9,20103767,Hrana,1.59
Sladoled štapiæ èoko crisp,0021903,0.504,6x120ml,Kart. na prekl.,Bon Gelati,4.99,6.93,4056489375104,Hrana,4.99
Mousse au Chocolat,0022530,0.24,4x60g,Posudica,Duc de Coeur,1.05,4.38,20020569,Hrana,1.05
Tart SK8,0022531,0.26,260g,Kart. na prekl.,Duc de Coeur,2.99,11.5,4056489032687,Hrana,2.99
"Sendviè keksi Choco Duo, UTZ",0022652,0.5,500g,Pakovanje,Sondey,2.29,4.58,20211141,Hrana,2.29
Hrskavi kruh SK5,0022865,0.25,250g,Pakovanje,Tastino,1.29,5.16,20171841,Hrana,1.29
Hrskavi kruh SK5,0022865,0.25,250g,Pakovanje,Tastino,1.29,5.16,4056489189121,Hrana,1.29
Pasta za pranje ruku,0022961,0.45,500ml,Pakovanje,W5,2.29,4.58,20203146,Sredstva za èišæenje,2.29
"Lassi tekuæi jogurt 3,5% SK2",0024629,0.25,250g,Posudica,Vitasia,0.99,3.96,20224851,Hrana,0.99
Corte alle Mura Chianti Riserva,0024692,0.75,"0,75l",Boca,,4.99,6.65,8002477051549,Piæe,4.99
Losion za sunè. sa šljokicama ZF 20,0024924,0.246,250ml,PET-Boca,Cien,3.99,15.96,20546472,Kozmetika,3.99
Svježi kozji sir,0025707,0.2,200g,Pakovanje,Duc de Coeur,2.99,14.95,20024918,Hrana,2.99
Pizza Arrabbiata,0025790,0.4,400g,Kart. na prekl.,Italiamo,2.99,7.48,20490690,Hrana,2.99
Ekstra djev. masl. ulje Delicato,0026466,0.916,1l,Boca,Primadonna,9.99,9.99,20500856,Hrana,9.99
Savijaèa od jabuke,0026475,0.6,600g,Kart. na prekl.,Confiserie Firenze,2.99,4.98,20096915,Hrana,2.99
"Trajno mlijeko bez lakt. 1,5% m.m.",0027036,1.028,1l,Pakovanje,Milbona,1.39,1.39,20221577,Hrana,1.39
Èokolada s grož. i cijelim lješ.,0027513,0.2,200g,Tabla,Fin Carré,2.99,14.95,20080181,Hrana,2.99
Mini Mix Sladoled na štapiæu SK6,0027551,0.432,12x50ml,Kart. na prekl.,Gelatelli,6.39,10.65,20066581,Hrana,6.39
Mini Mix Sladoled na štapiæu SK6,0027551,0.432,12x50ml,Kart. na prekl.,Gelatelli,6.39,10.65,4056489025702,Hrana,6.39
Côtes du Rhône AOP Villages,0027699,0.75,"0,75l",Boca,-,2.99,3.99,4056489114116,Piæe,2.99
Flips sa sirom,0028360,0.125,125g,Vrecica,Snack Day,0.99,7.92,20069483,Hrana,0.99
Chil. Carménere Reserva Privada ,0028606,0.75,"0,75l",Boca,Viajero,3.99,5.32,4056489540427,Piæe,3.99
Nuts Royal,0028673,0.2,200g,Vrecica,Alesto Selection,2.89,14.45,20047238,Hrana,2.89
Gel za brijanje ,0028839,0.2,200ml,Limenka,Cien MEN,2.09,10.45,20232269,Kozmetika,2.09
Gel za brijanje ,0028839,0.2,200ml,Limenka,Cien MEN,2.09,10.45,4056489431107,Kozmetika,2.09
Flaster SK7,0028901,0.023,"20komad,40komad",Pakovanje,Sensiplast,0.89,0.02,20084943,Proizvodi za kuæanstvo,0.89
Flaster SK7,0028901,0.023,"20komad,40komad",Pakovanje,Sensiplast,0.89,0.02,20084974,Proizvodi za kuæanstvo,0.89
Flaster SK7,0028901,0.023,"20komad,40komad",Pakovanje,Sensiplast,0.89,0.02,4056489235576,Proizvodi za kuæanstvo,0.89
Flaster SK7,0028901,0.023,"20komad,40komad",Pakovanje,Sensiplast,0.89,0.04,4056489235590,Proizvodi za kuæanstvo,0.89
Tortilja rolice SK1,0029069,0.125,125g,Vrecica,Snack Day,1.39,11.12,20211318,Hrana,1.39
Mladi grašak u rasolu (OM 265g),0029072,0.4,425ml,Limenka,Freshona,0.99,3.74,20192396,Hrana,0.99
Tal. sjeckana rajèica sa zaè. SK1,0029238,0.4,425ml,Limenka,Baresa,1.19,2.98,20198091,Hrana,1.19
Umak od rajèice s bosiljkom,0029251,0.7,720ml,Boca,Baresa,1.69,2.35,20164041,Hrana,1.69
Luèice slatko-kisele (OM 190g) ,0029440,0.32,370ml,Staklo,Freshona,1.15,6.05,20039981,Hrana,1.15
"Trajno mlijeko 2,8% m.m.",0030860,1,1l,Pakovanje,Pilos,0.79,0.79,3859888148925,Hrana,0.79
Desertni specijaliteti SK22,0030937,0.175,"2x85g,2x90g",Pakovanje,MCENNEDY,1.69,9.94,20020644,Hrana,1.69
Desertni specijaliteti SK22,0030937,0.175,"2x85g,2x90g",Pakovanje,MCENNEDY,1.69,9.39,20020644,Hrana,1.69
Desertni specijaliteti SK22,0030937,0.175,"2x85g,2x90g",Pakovanje,MCENNEDY,1.69,9.94,20809584,Hrana,1.69
Desertni specijaliteti SK22,0030937,0.175,"2x85g,2x90g",Pakovanje,MCENNEDY,1.69,9.39,20809584,Hrana,1.69
Desertni specijaliteti SK22,0030937,0.175,"2x85g,2x90g",Pakovanje,MCENNEDY,1.69,9.39,20809591,Hrana,1.69
Twist štap. od lis. tijesta slani,0031460,0.15,150g,Pakovanje,Snack Day,1.59,10.6,4056489108085,Hrana,1.59
"""Twist"" štap. od lis. tijesta sir ",0031462,0.15,150g,Pakovanje,Snack Day,1.43,9.53,4056489108078,Hrana,1.59
Extra džem od višnje SK2,0031562,0.45,450g,Staklo,Maribel,2.59,5.76,20000646,Hrana,2.59
Toffee mješavina ,0031722,0.3,300g,Vrecica,Sweet Corner,2.29,7.63,20230487,Hrana,2.29
Gazirano piæe od naranèe 3%,0031961,1.504,"1,5l",PET-Boca,Freeway,1.15,0.77,4304493269156,Piæe,1.15
"Svijetlo pivo 4,9%",0032276,0.503,"0,5l",Boca,Perlenbacher,0.99,1.98,4304493261433,Piæe,0.99
Snack kobasica Tirolska SK3,0032325,0.15,150g,Atmos-Pakiranje,Alpenfest,1.99,13.27,22288840,Hrana,1.99
Snack kobasica Tirolska SK3,0032325,0.15,150g,Atmos-Pakiranje,Alpenfest,1.99,13.27,22288880,Hrana,1.99
Snack kobasica Tirolska SK3,0032325,0.15,150g,Atmos-Pakiranje,Alpenfest,1.99,13.27,4056489115465,Hrana,1.99
Superieur èok. štapiæi SK14,0032577,0.2,200g,Kart. na prekl.,J.D. Gross,4.69,23.45,20099770,Hrana,4.69
Superieur èok. štapiæi SK14,0032577,0.2,200g,Kart. na prekl.,J.D. Gross,4.69,23.45,20729813,Hrana,4.69
"Leæa, OM 260g ",0032913,0.4,425ml,Limenka,Freshona,0.64,2.46,20243418,Hrana,0.75
Losion poslije sunèanja,0034641,0.495,500ml,Boca,Cien Sun,3.19,6.38,4056489368359,Kozmetika,3.19
Mlijeko za sunèanje ZF 20,0034646,0.257,250ml,PET-Boca,Cien Sun,4.49,17.96,4056489368823,Kozmetika,4.49
Yogurt SK4,0036211,0.15,150g,Posudica,MCENNEDY,0.69,4.6,20252823,Hrana,0.89
Kikiriki zaèinjen SK2,0037187,0.15,150g,Vrecica,Alesto,1.19,7.93,20005672,Hrana,1.19
Èips s okusom sira i luka,0038408,0.15,150g,Vrecica,Snack Day,1.15,7.67,20094713,Hrana,1.15
Èips s okusom sira i luka,0038408,0.15,150g,Vrecica,Snack Day,1.15,7.67,4056489317944,Hrana,1.15
Èips s okusom sira i luka,0038408,0.15,150g,Vrecica,Snack Day,1.15,7.67,40894898,Hrana,1.15
Maslac za tijelo SK7,0038468,0.394,400ml,Kozm.posudica,Cien,2.99,7.48,20261849,Kozmetika,2.99
Pasta za zube SK9,0038752,0.155,125ml,Tuba,Dentalux,1.05,8.4,20107017,Kozmetika,1.05
"Tamponi, razne vrste 56-80 kom. SK8",0038769,0.178,"56komad,64komad,80komad",Kart. na prekl.,Siempre,3.69,0.07,4056489722953,Proizvodi za kuæanstvo,3.69
"Tamponi, razne vrste 56-80 kom. SK8",0038769,0.178,"56komad,64komad,80komad",Kart. na prekl.,Siempre,3.69,0.07,4056489722960,Proizvodi za kuæanstvo,3.69
"Tamponi, razne vrste 56-80 kom. SK8",0038769,0.178,"56komad,64komad,80komad",Kart. na prekl.,Siempre,3.69,0.05,4056489849018,Proizvodi za kuæanstvo,3.69
Smoothie 250ml SK13,0038798,0.265,250ml,PET-Boca,Solevita,1.49,5.96,4304493262744,Hrana,1.49
Balsamico umak SK5,0039128,0.316,250ml,PET-Boca,Italiamo,1.39,5.56,20250539,Hrana,1.39
Balsamico umak SK5,0039128,0.316,250ml,PET-Boca,Italiamo,1.39,5.56,4056489035268,Hrana,1.39
Balsamico umak SK5,0039128,0.316,250ml,PET-Boca,Italiamo,1.39,5.56,4056489035275,Hrana,1.39
Balsamico umak SK5,0039128,0.316,250ml,PET-Boca,Italiamo,1.39,5.56,4056489035282,Hrana,1.39
Balsamico umak SK5,0039128,0.316,250ml,PET-Boca,Italiamo,1.39,5.56,4056489379737,Hrana,1.39
Balsamico umak SK5,0039128,0.316,250ml,PET-Boca,Italiamo,1.39,5.56,4056489441007,Hrana,1.39
Predjela na talijanski naèin SK16,0039135,0.288,"285g,300g",Staklo,Italiamo,2.29,7.63,20422745,Hrana,2.29
Kebab SK4,0039475,0.3,300g,Kart. na prekl.,1001 delights,3.49,11.63,20958404,Hrana,3.49
Maramice za njegu kontr. ploèe SK2,0039559,0.227,30komad,Pakovanje,W5,2.29,0.08,20199210,Proizvodi za kuæanstvo,2.29
Francuski senf SK3,0039577,0.2,200g,Staklo,Kania,1.79,8.95,20201845,Hrana,1.79
Suha hrana za maèke 2 kg SK17,0039750,2,2kg,Vrecica,Coshida,3.45,1.73,20858261,Proizvodi za kuæanstvo,3.45
Losion za tijelo,0039910,0.52,500ml,Boca,Cien,1.79,3.58,4335619127791,Kozmetika,1.99
Asia umaci SK6,0040086,0.284,250ml,Boca,Vitasia,1.49,5.96,20110840,Hrana,1.49
Asia umaci SK6,0040086,0.284,250ml,Boca,Vitasia,1.49,5.96,20196103,Hrana,1.49
Fusilli HWG,0043077,0.5,500g,Vrecica,Italiamo,2.29,4.58,4056489294795,Hrana,2.29
American style cookies SK1,0043358,0.175,175g,Vrecica,MCENNEDY,1.39,7.94,20519322,Hrana,1.39
Kornet èokolada-vanilija (76g),0044153,0.077,120ml,Pakovanje,Gelatelli,0.69,5.75,20332914,Hrana,0.69
Bijele peèenice,0044220,1,1kg,Vakumir. pakov.,Grillmeister,6.69,6.69,20290016,Hrana,6.69
Flips s kikirikijem,0044294,0.15,150g,Vrecica,Snack Day,0.99,6.6,20258085,Hrana,0.99
Flips s kikirikijem,0044294,0.15,150g,Vrecica,Snack Day,0.99,6.6,20806248,Hrana,0.99
Sred. za èišæenje naplataka/insek.,0044872,0.758,750ml,PET-Boca,W5,3.29,4.39,20581763,Sredstva za èišæenje,3.29
Kim,0045066,0.044,44g,Staklo,Kania,1.06,1.06,20249946,Hrana,1.06
Tilsiter komad 45% m.m.,0045107,0.4,400g,Pakovanje,Milbona,3.99,9.98,20260484,Hrana,3.99
Želatina u listiæima,0048330,0.02,20g,Pakovanje,Belbake,0.99,0.99,20271442,Hrana,0.99
Riža na mlijeku SK4,0051988,0.2,200g,Posudica,Pilos,0.79,3.95,20277673,Hrana,0.79
Pizza Margherita XXL,0052368,1.2,4x300g,Kart. na prekl.,Trattoria Alfredo,5.55,4.63,4056489450849,Hrana,5.55
Èetkice za zube XXL SK2,0054681,0.067,3komad,Pakovanje,Dentalux,1.09,0.36,20295431,Kozmetika,1.09
"Smrznuto povræe, SK7",0054707,0.45,450g,Vrecica,Freshona,1.59,3.53,4056489431572,Hrana,1.79
Premium sladoled u kornetu SK6,0054730,0.456,6x120ml,Kart. na prekl.,Gelatelli,3.99,5.54,20459710,Hrana,3.99
Korneti 6 kom. SK1,0054742,0.45,6x120ml,Kart. na prekl.,Gelatelli,2.99,4.15,4335619207851,Hrana,2.99
Secco Rosato,0054772,0.2,"0,2l",Limenka,Allini,0.99,4.95,4335619259645,Piæe,0.99
Dvostruka britvica XXL 25 komada,0054780,0.07,1komad,Blister,Cien men,4.29,4.29,20295738,Kozmetika,4.29
"Lješnjak sjeckani, prženi",0055046,0.2,200g,Vrecica,Belbake,2.69,13.45,20509552,Hrana,2.69
Basmati riža XXL,0055571,4.5,"4,5kg",Vrecica,Golden Sun,9.99,2.22,20302245,Hrana,9.99
Bomboni s okusom karamele,0057680,0.2,200g,Vrecica,Sweet Corner,1.59,7.95,20288532,Hrana,1.59
"Kukuruz s grahom, ATG: 285ml",0057770,0.43,425ml,Limenka,El Tequito,1.49,5.23,20302313,Hrana,1.39
Specijaliteti od kozjeg sira SK30,0058128,0.1,100g,Pakovanje,Duc de Coeur,1.71,17.1,20696634,Hrana,1.71
Secco Bianco,0058528,0.2,"0,2l",Limenka,Allini,0.99,4.95,4056489249313,Piæe,0.99
Integralni dvopek,0058561,0.6,600g,Pakovanje,Certossa,1.99,3.32,20015855,Hrana,2.39
Ledena kava SK6,0058658,0.261,250ml,Posudica,Milbona,1.09,4.36,20310110,Hrana,1.09
Extra hrskavi èips SK8,0059344,0.125,125g,Vrecica,Snack Day,1.39,11.12,20551841,Hrana,1.39
Extra hrskavi èips SK8,0059344,0.125,125g,Vrecica,Snack Day,1.39,11.12,20612016,Hrana,1.39
"Dvostruki èok. keksi, UTZ",0059738,0.15,150g,Pakovanje,Sondey,1.49,9.93,20462314,Hrana,1.49
Punjena predjela SK2 (ATG 150g),0059849,0.27,270g,Staklo,Eridanous,2.69,17.93,20532864,Hrana,2.59
Punjena predjela SK2 (ATG 150g),0059849,0.27,270g,Staklo,Eridanous,2.69,17.93,20532888,Hrana,2.59
Amerièka pizza SK3,0059859,0.44,440g,Kart. na prekl.,MCENNEDY,2.89,6.57,4056489451143,Hrana,2.89
BO Èokoladni donut,0059883,0.068,68g,Rasuto,,0.59,8.68,20549626,Hrana,0.59
Higijenski sprej za ruke i površine,0060140,0.224,250ml,PET-Boca,W5,1.85,7.4,20552770,Sredstva za èišæenje,1.85
Grèki zaèini SK5,0060253,0.041,"35g,40g,50g",Limenka,Eridanous,0.79,19.75,20550080,Hrana,0.79
Grèki zaèini SK5,0060253,0.041,"35g,40g,50g",Limenka,Eridanous,0.79,15.8,20550080,Hrana,0.79
Grèki zaèini SK5,0060253,0.041,"35g,40g,50g",Limenka,Eridanous,0.79,15.8,4056489723653,Hrana,0.79
"Sorbet Limun, 600g",0060695,0.6,1000ml,Plitica,Gelatelli,2.49,2.49,4056489234876,Hrana,2.49
Dezodorans SK21,0062781,0.117,200ml,Limenka,Cien,1.29,6.45,20321000,Kozmetika,1.29
Dezodorans SK21,0062781,0.117,200ml,Limenka,Cien,1.29,6.45,20321017,Kozmetika,1.29
Dezodorans muški SK15,0062785,0.124,200ml,Limenka,Cien MEN,1.29,6.45,20321079,Kozmetika,1.29
Dezodorans muški SK15,0062785,0.124,200ml,Limenka,Cien MEN,1.29,6.45,4056489525882,Kozmetika,1.29
Dezodorans muški SK15,0062785,0.124,200ml,Limenka,Cien MEN,1.29,6.45,4056489547174,Kozmetika,1.29
Dezodorans muški SK15,0062785,0.124,200ml,Limenka,Cien MEN,1.29,6.45,4335619063440,Kozmetika,1.29
Sredstvo za èišæenje kupaonice SK10,0062791,0.761,750ml,PET-Boca,W5,1.85,2.47,4056489168430,Sredstva za èišæenje,1.85
Tiramisu,0063494,0.5,500g,Pakovanje,Deluxe,3.79,7.58,20337179,Hrana,3.79
Wok povræe SK2,0065136,0.6,600g,Vrecica,Vitasia,2.29,3.82,20320423,Hrana,2.59
Mj. indijskih ora. i kikirikija SK2,0065163,0.2,200g,Vrecica,Alesto,2.29,11.45,20333737,Hrana,2.29
Family Cappuccino RFA SK10,0065268,0.5,500g,Limenka,Bellarom,3.95,7.9,20111410,Piæe,3.95
Smoki XXL sort. SK1,0065418,0.2,"150g,250g",Vrecica,Snack Day,1.19,4.76,20343132,Hrana,1.19
Müsli voæni SK1,0065568,1,1000g,Vrecica,Crownfield,3.49,3.49,20003234,Hrana,3.49
Salama sort. XXL SK1,0065617,0.24,240g,Atmos-Pakiranje,Dulano,2.49,10.38,20339562,Hrana,2.49
"Svijetlo pivo 4,9% XXL",0065665,4.025,"8x0,5l",Boca,Perlenbacher,6.93,1.73,20342166,Piæe,6.93
"Svijetlo pivo 4,9% XXL",0065665,4.025,"8x0,5l",Boca,Perlenbacher,6.93,1.73,20891954,Piæe,6.93
Muffins XXL SK2,0065674,0.45,450g,Pakovanje,Confiserie Firenze,3.39,7.53,20346348,Hrana,3.39
Krema za ruke SK6,0065854,0.109,"125ml,75ml",Tuba,Cien,1.19,15.87,20334338,Kozmetika,1.19
Krema za ruke SK6,0065854,0.109,"125ml,75ml",Tuba,Cien,1.19,9.52,4056489234098,Kozmetika,1.19
"Kremasti slad. štapiæ, bademi XXL",0065869,0.672,8x120ml,Kart. na prekl.,Bon Gelati,4.99,5.2,20348557,Hrana,4.99
Sladoled na štapiæu XXL,0065870,0.672,8x120ml,Kart. na prekl.,Bon Gelati,5.49,5.72,20348564,Hrana,5.49
Odstr. laka za nokte bez acet. SK8,0065975,0.173,200ml,Dozator,Cien,1.99,9.95,4056489320739,Kozmetika,1.99
Premium kornet Trio Fresh,0066016,0.45,6x120ml,Kart. na prekl.,Gelatelli,3.99,5.54,20346102,Hrana,3.99
Rošilj kobasice SK7,0067627,0.25,250g,Vakumir. pakov.,Grillmeister,2.59,10.36,4056489141730,Hrana,2.59
"Jastuèiæi punj. noug., vanil. SK44 ",0067777,0.375,375g,Vrecica,Crownfield,1.79,4.77,20353926,Hrana,1.99
Maramice za èišæenje XXL SK1,0070686,1.64,4x80komad,Pakovanje,W5,5.89,0.02,4056489268420,Proizvodi za kuæanstvo,5.89
Maramice za èišæenje XXL SK1,0070686,1.64,4x80komad,Pakovanje,W5,5.89,0.02,4056489268437,Proizvodi za kuæanstvo,5.89
"Tekuæi jogurt Proviact 1,0%",0070696,0.33,330g,PET-Boca,Pilos,0.95,2.88,20376789,Hrana,0.95
Složenac od krumpira i sira,0072137,0.4,400g,Kart. na prekl.,Deluxe,3.29,8.23,20382391,Hrana,3.29
"Teddy's Hit, krumpirov slani snack",0072721,0.055,55g,Vrecica,Snack Day,0.89,16.18,20389048,Hrana,0.89
Kalifornijske pistacije XXL,0072752,0.3,300g,Vrecica,Alesto,4.09,13.63,20359607,Hrana,4.39
Prženi kikiriki u tijestu XXL SK2,0072757,0.25,250g,Vrecica,Alesto,1.59,6.36,20589738,Hrana,1.59
Dimljeni losos XXL,0073887,0.22,220g,Pakovanje,Nautica,5.19,23.59,20388508,Hrana,6.69
Instant tjestenina SK1,0073974,0.054,"44g,50g,57g,66g",Posudica,Vitasia,1.29,22.63,20387334,Hrana,1.29
Instant tjestenina SK1,0073974,0.054,"44g,50g,57g,66g",Posudica,Vitasia,1.29,29.32,20387341,Hrana,1.29
Instant tjestenina SK1,0073974,0.054,"44g,50g,57g,66g",Posudica,Vitasia,1.29,22.63,20387358,Hrana,1.29
Instant tjestenina SK1,0073974,0.054,"44g,50g,57g,66g",Posudica,Vitasia,1.29,19.55,20387358,Hrana,1.29
Instant tjestenina SK1,0073974,0.054,"44g,50g,57g,66g",Posudica,Vitasia,1.29,29.32,4056489192237,Hrana,1.29
Instant tjestenina SK1,0073974,0.054,"44g,50g,57g,66g",Posudica,Vitasia,1.29,19.55,4056489192251,Hrana,1.29
Sredstvo za održavanje per. rublja,0074675,0.509,2x250ml,PET-Boca,W5,1.99,3.98,20421700,Sredstva za èišæenje,1.99
Meki sir,0074719,0.18,180g,Pakovanje,Duc de Coeur,2.59,14.39,20400811,Hrana,2.59
Njega lica za muškarce SK6 ,0076409,0.051,50ml,Kart. na prekl.,Cien,2.59,51.8,20516499,Kozmetika,2.59
Sladoled SK40,0076562,0.513,1000ml,Plitica,Bon Gelati,3.99,3.99,20707330,Hrana,3.99
Tortilla wraps 6x25cm,0077481,0.37,370g,Pakovanje,El Tequito,1.19,3.22,20555320,Hrana,1.25
Hugo,0077503,0.75,"0,75l",Boca,Allini,2.99,3.99,4335619005563,Piæe,2.99
Talijanski desertni specijal. SK14,0077845,0.193,"2x100g,2x90g",Pakovanje,Italiamo,1.69,8.45,20401771,Hrana,1.69
TK Wok-Mix SK1,0079617,0.5,500g,Vrecica,Freshona,1.99,3.98,4056489599296,Hrana,1.99
Hamburger/Hot Dog peciva SK14,0079870,0.278,"250g,300g",Vrecica,Tastino,1.19,4.76,4056489846987,Hrana,1.19
Mrkva 1kg,0082761,1,1kg,Vrecica,,1.29,1.29,3858893060086,Hrana,1.29
Celer list,0082846,0.458,1komad,Rasuto,,1.19,1.19,20489069,Hrana,1.19
Bukovaèa 250g,0082986,0.25,250g,Pakovanje,,1.39,5.56,20271992,Hrana,1.39
Šampinjoni rezani 250g,0083024,0.25,250g,Pakovanje,,1.49,5.96,3858893060253,Hrana,1.49
"Mladi krumpir 1,5kg",0083163,1.5,"1,5kg",Pakovanje,,1.39,0.93,20306151,Hrana,1.49
Krumpir crveni 3kg,0083306,3,3kg,Pakovanje,,2.79,0.93,20344382,Hrana,2.79
Peršin list 50g,0083435,0.05,50g,Pakovanje,,0.89,17.8,3858893060185,Hrana,0.89
Bio paprika rog crvena,0084602,0.18,180g,Pakovanje,,1.99,11.06,20442828,Hrana,1.99
Bio zaèinsko bilje,0084647,0,1komad,Lonac,,1.19,1.19,20934194,Hrana,1.49
Sir SK3,0087009,0.175,175g,Pakovanje,Eridanous,2.29,13.09,20668648,Hrana,2.04
Sjajilo za obuæu SK3,0087031,0.075,1komad,Nepakirano,W5,1.29,1.29,20491352,Sredstva za èišæenje,1.29
Sirup SK26,0087297,0.903,"0,7l",PET-Boca,Solevita,1.99,2.84,20799823,Piæe,1.99
Sirup SK26,0087297,0.903,"0,7l",PET-Boca,Solevita,1.99,2.84,4304493264076,Piæe,1.99
Umaci na talijanski naèin SK1,0087611,0.35,350g,Staklo,Italiamo,1.59,4.54,20431464,Hrana,1.59
Voæne karamele XXL,0088165,1.2,1200g,Vrecica,Sweet Corner,5.99,4.99,20447632,Hrana,5.99
Šampon protiv prhuti SK10,0088436,0.3,300ml,PET-Boca,Cien,1.29,4.3,20447137,Kozmetika,1.29
Šampon protiv prhuti SK10,0088436,0.3,300ml,PET-Boca,Cien,1.29,4.3,4056489754084,Kozmetika,1.29
Pommes Frites valoviti,0088539,1,1kg,Vrecica,Harvest Basket,2.89,2.89,4056489181538,Hrana,2.89
Rukavice za jednokratnu uporabu SK3,0089720,0.523,100komad,Box,W5,5.99,0.06,20454166,Proizvodi za kuæanstvo,5.99
Rukavice za jednokratnu uporabu SK3,0089720,0.523,100komad,Box,W5,5.99,0.06,4056489978992,Proizvodi za kuæanstvo,5.99
Gumeni bomboni u obliku srca,0090295,0.5,500g,Limenka,Für Dich,3.09,6.18,20458386,Hrana,3.09
Blazinice,0090903,0.087,70komad,Vrecica,Cien,0.95,0.01,20459482,Proizvodi za kuæanstvo,0.95
Gel za tuširanje 3u1 SK16,0091976,0.309,300ml,PET-Boca,Cien,1.05,3.5,20460921,Kozmetika,1.05
Gel za tuširanje 3u1 SK16,0091976,0.309,300ml,PET-Boca,Cien,1.05,3.5,4056489753049,Kozmetika,1.05
"BO Pecivo sa sjemenkama, 80g",0092785,0.085,80g,Rasuto,,0.33,4.13,20320911,Hrana,0.33
"Keratin lak za kosu, volumen ",0092855,0.069,250ml,Limenka,Cien,2.25,9,20460877,Kozmetika,2.25
Talijanski pesto sort. SK2,0092973,0.19,190g,Staklo,Deluxe,1.69,8.89,20621407,Hrana,1.69
Božiæni kolaè,0095573,0.75,750g,Pakovanje,Favorina,4.89,6.52,20493059,Hrana,4.89
Zaèini za kavu SK3,0097017,0.09,90g,Limenka,Deluxe,1.79,19.89,20515171,Hrana,1.79
"Pizza Mozzarella XXL, 3 kom.",0097163,1.005,3x335g,Kart. na prekl.,Trattoria Alfredo,5.99,5.96,4056489486633,Hrana,5.99
Zaèinsko ulje SK7,0097277,0.12,125ml,Boca,Deluxe,1.89,15.12,20520205,Hrana,2.39
Prosciutto Cotto,0097776,0.1,100g,Atmos-Pakiranje,Italiamo,1.99,19.9,20503628,Hrana,1.99
Indijski orašèiæi SK8,0097783,0.15,150g,Vrecica,Alesto,1.99,13.27,4056489507802,Hrana,1.99
o.b. Tamponi SK1,0099299,0.052,"54komad,64komad",Kart. na prekl.,,4.29,0.07,3574661128627,Proizvodi za kuæanstvo,4.29
o.b. Tamponi SK1,0099299,0.052,"54komad,64komad",Kart. na prekl.,,4.29,0.08,3574661322667,Proizvodi za kuæanstvo,4.29
o.b. Tamponi SK1,0099299,0.052,"54komad,64komad",Kart. na prekl.,,4.29,0.07,3574661322667,Proizvodi za kuæanstvo,4.29
Wasabi pasta,0099723,0.043,43g,Tuba,Vitasia,0.79,0.79,4056489577942,Hrana,0.99
Focaccia SK9,0106511,0.3,300g,Vrecica,Chef Select,1.99,6.63,20602246,Hrana,1.99
BO Žemljica s orasima ,0106640,0.09,86g,Rasuto,,0.59,6.86,20603083,Hrana,0.59
Šeæer u kocki,0106989,0.5,500g,Kart. na prekl.,Belbake,1.29,2.58,20615451,Hrana,1.29
Milkshake SK4,0108408,0.243,230ml,Posudica,MCENNEDY,0.99,4.3,20573126,Hrana,0.99
Milkshake SK4,0108408,0.243,230ml,Posudica,MCENNEDY,0.99,4.3,20998004,Hrana,0.99
Premium Sol u mlincu SK11,0108674,0.153,"180g,70g",Staklo,Deluxe,3.89,21.61,4056489864448,Hrana,3.89
Brioche peciva s mlij. i èok. 8kom.,0108883,0.32,320g,Pakovanje,Maitre Jean-Pierre,2.99,9.34,20071127,Hrana,2.99
Tekuæi puder SK7,0111947,0.034,30ml,Tuba,Cien,2.89,2.89,20667979,Kozmetika,2.89
Tekuæi puder SK7,0111947,0.034,30ml,Tuba,Cien,2.89,2.89,4056489656838,Kozmetika,2.89
Maslac za usne SK10,0112665,0.008,"3,3ml",Pakovanje,Cien,2.49,2.49,20668938,Kozmetika,2.49
Maslac za usne SK10,0112665,0.008,"3,3ml",Pakovanje,Cien,2.49,2.49,20907860,Kozmetika,2.49
Duca di Sasseta Serp. Toscana Rosso,0112798,0.75,"0,75l",Boca,,5.31,7.08,8009307072378,Piæe,5.31
Draže bomboni voæni ,0113212,0.038,38g,Pakovanje,Sweet Corner,0.39,0.39,20649838,Hrana,0.39
Tvrdi planinski sir SK1,0113436,0.2,200g,Pakovanje,Alpenfest,2.29,11.45,20643959,Hrana,2.29
Kandirano voæe SK2,0114596,0.1,100g,Pakovanje,Belbake,1.29,12.9,20125974,Hrana,1.29
Coleslaw salata,0114693,0.35,350g,Posudica,McEnnedy,1.59,4.54,20684396,Hrana,1.59
Sir,0115270,0.175,175g,Pakovanje,Alpenfest,2.49,14.23,4335619111851,Hrana,2.49
Gel za brijanje,0116573,0.195,200ml,Limenka,Cien,2.09,10.45,4056489814535,Kozmetika,2.09
Mini Mozzarella SK3,0116839,0.125,125g,Posudica,Milbona,1.39,11.12,20677107,Hrana,1.39
Lak za nokte SK1,0116872,0.011,11ml,Boca,Cien,1.45,1.45,20657062,Kozmetika,1.45
Sjenilo za oèi SK1,0116878,0.003,3g,Pakovanje,Cien,1.58,1.58,20657086,Kozmetika,1.58
Sjenilo za oèi SK1,0116878,0.003,3g,Pakovanje,Cien,1.58,1.58,20657116,Kozmetika,1.58
Radler XXL,0117028,2.052,"4x0,5l",Limenka,Perlenbacher,2.37,1.19,20699413,Piæe,2.37
Radler XXL,0117028,2.052,"4x0,5l",Limenka,Perlenbacher,2.37,1.19,4304493263598,Piæe,2.37
"Izbor zitarica za dorucak, 8kom.",0117463,0.25,250g,Kart. na prekl.,Crownfield,2.79,11.16,20702762,Hrana,2.79
Praline SK1,0117693,0.2,200g,Kart. na prekl.,J.D. Gross,5.49,27.45,20706869,Hrana,5.49
Orijentalni specijaliteti SK3,0119097,0.4,400g,Kart. na prekl.,1001 delights,3.19,7.98,20793197,Hrana,3.19
Turska gotova jela SK6,0119102,0.461,"275g,540g",Kart. na prekl.,1001 delights,3.29,11.96,20793203,Hrana,3.29
Bulgur Salata SK5,0119137,0.213,"200g,250g",Plitica,Chef Select,1.79,7.16,20757861,Hrana,1.79
Bulgur Salata SK5,0119137,0.213,"200g,250g",Plitica,Chef Select,1.79,7.16,4056489008651,Hrana,1.79
Orijentalni zaèini SK1,0119146,0.074,"60g,65g,75g,80g,85g",Vrecica,1001 delights,1.19,1.98,20840020,Hrana,1.19
Orijentalni zaèini SK1,0119146,0.074,"60g,65g,75g,80g,85g",Vrecica,1001 delights,1.19,1.83,20840044,Hrana,1.19
Orijentalni zaèini SK1,0119146,0.074,"60g,65g,75g,80g,85g",Vrecica,1001 delights,1.19,1.59,20840051,Hrana,1.19
Orijentalni zaèini SK1,0119146,0.074,"60g,65g,75g,80g,85g",Vrecica,1001 delights,1.19,1.49,20840051,Hrana,1.19
Orijentalni zaèini SK1,0119146,0.074,"60g,65g,75g,80g,85g",Vrecica,1001 delights,1.19,1.98,4056489936541,Hrana,1.19
Orijentalni zaèini SK1,0119146,0.074,"60g,65g,75g,80g,85g",Vrecica,1001 delights,1.19,1.4,4056489936558,Hrana,1.19
Orijentalni zaèini SK1,0119146,0.074,"60g,65g,75g,80g,85g",Vrecica,1001 delights,1.19,1.98,4056489936572,Hrana,1.19
Orijentalni zaèini SK1,0119146,0.074,"60g,65g,75g,80g,85g",Vrecica,1001 delights,1.19,1.98,4056489936589,Hrana,1.19
Orijentalni zaèini SK1,0119146,0.074,"60g,65g,75g,80g,85g",Vrecica,1001 delights,1.19,1.4,4056489936589,Hrana,1.19
Orijentalni zaèini SK1,0119146,0.074,"60g,65g,75g,80g,85g",Vrecica,1001 delights,1.19,1.59,4056489936596,Hrana,1.19
Orijentalni zaèini SK1,0119146,0.074,"60g,65g,75g,80g,85g",Vrecica,1001 delights,1.19,1.4,4056489936596,Hrana,1.19
Bio kokosovo ulje,0119279,0.184,200ml,Staklo,,1.39,6.95,4056489168317,Hrana,1.59
Olovka za oèi / obrve SK2 ,0119367,0.002,1komad,Pakovanje,Cien,1.49,1.49,20058807,Kozmetika,1.49
Olovka za oèi / obrve SK2 ,0119367,0.002,1komad,Pakovanje,Cien,1.49,1.49,20759308,Kozmetika,1.49
Bio mahunarke SK3,0119562,0.5,500g,Samost.vreca,Golden Sun,1.99,3.98,20760120,Hrana,1.99
Bio mahunarke SK3,0119562,0.5,500g,Samost.vreca,Golden Sun,1.99,3.98,4335619062399,Hrana,1.99
Gumeni bomboni,0119876,0.2,200g,Vrecica,Sugarland,1.29,6.45,20724078,Hrana,1.29
BO uskršnji krušèiæ,0122289,0.42,400g,Rasuto,,2.29,5.73,4056489592624,Hrana,2.29
Jogurt grèki naèin 2%  XXL,0122296,1.1,1100g,Kanta,Milbona,3.29,2.99,20816278,Hrana,3.29
Snack mix XXL,0122314,0.5,500g,Kanta,Snack Day,3.69,7.38,20816414,Hrana,3.69
Pasta od sezama,0122764,0.12,120g,Staklo,1001 delights,1.99,16.58,20840006,Hrana,2.49
Tekuæi jogurt  SK8,0122949,0.85,850g,PET-Boca,Milbona,1.89,2.22,4304493270473,Hrana,1.89
Bademi,0123652,0.2,200g,Vrecica,Alesto Selection,2.49,12.45,20724696,Hrana,2.49
Energy Drink Zero,0123682,0.5,"0,5l",Limenka,-,0.99,1.98,4304493264335,Piæe,0.99
Ayran classic,0123703,0.25,250ml,Posudica,1001 delights,0.59,2.36,20860608,Hrana,0.59
BO Okruglice od svježeg sira,0124029,0.028,28g,Rasuto,,0.29,0.29,20829452,Hrana,0.29
Tapas masline,0127391,0.21,210g,Atmos-Posudica,Sol&Mar,2.59,12.33,20899219,Hrana,2.59
Prosecco DOP Spumante extra-dry,0127993,0.2,"0,2l",Boca,Allini,2.49,12.45,4056489208556,Piæe,2.49
Prosecco DOP Spumante extra-dry,0127993,0.2,"0,2l",Boca,Allini,2.49,12.45,4056489621034,Piæe,2.49
Glossy Gel Lak za nokte SK18,0128299,0.011,11ml,Boca,Cien Beauty,1.15,1.15,4056489269793,Kozmetika,1.15
Debreciner kobasice SK3,0128388,0.28,280g,Atmos-Pakiranje,Alpenfest,2.99,10.68,4056489864257,Hrana,2.99
"Mesne okruglice na grèki naèin, SK1",0128492,0.28,280g,Atmos-Pakiranje,Eridanous,2.39,8.54,20276751,Hrana,2.39
Nero d'Avola DOC Sicilia,0128628,0.75,"0,75l",Boca,CORTE AURELIO,3.49,4.65,4056489546566,Piæe,3.49
Grandioso puding SK7,0128681,0.175,175g,Posudica,Milbona,0.69,3.94,20897949,Hrana,0.69
Grandioso puding SK7,0128681,0.175,175g,Posudica,Milbona,0.69,3.94,4056489665762,Hrana,0.69
Voæni koktel u sirupu (OM 500g),0129126,0.82,850ml,Limenka,Freshona,2.55,5.1,20927448,Hrana,2.69
Veganska pizza SK1,0129141,0.37,"350g,390g",Kart. na prekl.,Vemondo,1.59,4.54,4056489451136,Hrana,1.59
Veganska pizza SK1,0129141,0.37,"350g,390g",Kart. na prekl.,Vemondo,1.59,4.08,4056489451136,Hrana,1.59
Tamna èok. 85%,0131915,0.125,125g,Tabla,J.D. Gross,3.19,25.52,20995553,Hrana,3.19
Bio voæna kašica SK1,0131920,0.36,4x90g,Kart. na prekl.,Lupilu,1.99,5.53,20995591,Hrana,1.99
"Bio kašica tjest., šunka+umak rajè.",0131991,0.25,250g,Staklo,Lupilu,1.31,5.24,20995881,Hrana,1.31
"Bio kašica pur., krumpir i povræe",0131996,0.22,220g,Staklo,Lupilu,1.09,4.95,20995928,Hrana,1.09
Djeèji gel za zube SK3,0132312,0.133,100ml,Tuba,Dentalux,0.89,8.9,20018481,Kozmetika,0.89
Kikiriki u èokoladi sa šeæ. prelj.,0132367,0.25,250g,Samost.vreca,Mister Choc,2.59,10.36,20998264,Hrana,2.99
Sol za posipanje,0132497,10,10kg,Kanta,,3.32,3.32,4001475452109,Proizvodi za kuæanstvo,3.32
Njega za zube SK12,0132608,0.052,"1komad,6komad",Pakovanje,Dentalux,1.58,1.58,20090500,Kozmetika,1.99
Hairvital Regenerator za kosu SK5,0133014,0.248,250ml,PET-Boca,Cien,1.49,5.96,20978440,Kozmetika,1.49
Hairvital Šampon za kosu SK5,0133026,0.309,300ml,PET-Boca,Cien,1.29,4.3,4056489152750,Kozmetika,1.29
Premium Vodka  40%,0135134,0.474,"0,5l",Boca,Korol,5.49,10.98,4304493263116,Piæe,5.49
Cinsault Grenache IGP Oc rosé,0136332,0.75,"0,75l",Boca,Chevalier de Fauvert,3.29,4.39,4056489406099,Piæe,3.29
Jednokratne rukavice SK3,0136355,0.373,100komad,Kart. na prekl.,W5,5.99,0.06,4056489697237,Proizvodi za kuæanstvo,5.99
Sladoled Vafl sendviè XXL SK1,0136449,0.455,10x90ml,Kart. na prekl.,Bon Gelati,3.39,3.77,4056489639718,Hrana,2.43
Prirodni regenerator za kosu SK3,0136838,0.25,250ml,PET-Boca,Cien,1.79,7.16,4056489254775,Kozmetika,1.79
Šumeæe tablete željezo,0137081,0.08,20komad,Limenka,Optisana,1.15,0.06,20090562,Hrana,1.15
Craft pivo SK1,0137230,0.5,"0,5l",Limenka,-,1.39,2.78,4054500140915,Piæe,1.29
Slanutak,0139838,0.5,500g,Vrecica,Campo Largo,1.19,2.38,20214524,Hrana,1.19
Kakao s vitaminima RFA,0140050,0.8,800g,Limenka,Goody Cao,4.99,6.24,4056489009979,Piæe,4.99
Gumeni medvjediæi,0140136,0.3,300g,Vrecica,Sweet Corner,1.79,5.97,20248864,Hrana,1.79
Tuna u maslinovom ulju,0140192,0.3,300g,Staklo,Deluxe,4.49,14.97,20249304,Hrana,5.49
Svježi sir SK16,0140323,0.3,300g,Posudica,Milbona,1.99,6.63,4335619134249,Hrana,1.99
Moscato Western Cape,0141041,0.75,"0,75l",Boca,,2.89,3.85,4056489012184,Piæe,2.89
Cocktail Mango 5% Vol.,0144250,0.75,"0,75l",Boca,Allini,2.99,3.99,4335619197282,Piæe,2.99
Razlièiti deserti SK10,0144346,0.5,500g,Pakovanje,Deluxe,3.79,7.58,4056489102670,Hrana,3.79
Višekratna mrežica za voæe i povræe,0144601,0.015,2komad,Pakovanje,-,0.89,0.45,4056489033653,Proizvodi za kuæanstvo,0.89
Sladoled na štap. bijel.èoko-badem,0145064,0.672,8x120ml,Kart. na prekl.,Bon Gelati,5.49,5.72,4056489036616,Hrana,5.49
Södergarden miješani namaz,0145928,0.25,250g,Posudica,Milbona,2.99,11.96,4056489844419,Hrana,2.99
"Pivo 5,2%",0148466,0.503,"0,5l",Limenka,Perlenbacher,0.99,1.98,4304493268180,Piæe,0.99
Mini keksi UTZ SK2,0148645,0.225,"6x37,5g",Pakovanje,Sondey,2.69,11.96,20434106,Hrana,2.69
Francuski specijaliteti SK1,0148724,0.08,80g,Atmos-Pakiranje,French Style,2.69,33.63,4056489168072,Hrana,2.69
Tuna u maslinovom ulju (OM 104g),0149126,0.16,160g,Limenka,Nixe,1.89,18.17,4056489181125,Hrana,1.89
Hrana za maèke SK1,0149266,0.085,85g,Plitica,Coshida,0.69,8.12,4056489182085,Proizvodi za kuæanstvo,0.69
Mini kroketi ,0149482,0.5,500g,Vrecica,Harvest Basket,1.59,3.18,4056489183679,Hrana,1.59
Loptice svježi sir SK1,0149574,0.24,240g,Staklo,Deluxe,2.69,11.21,4056489186496,Hrana,2.69
Stem Brew Craft Gin 42%,0149605,0.7,"0,7l",Boca,-,10.99,15.7,4304493264847,Piæe,10.99
Èokolada bez dodanog šeæera SK1,0149698,0.1,100g,Tabla,Fin Carré,2.59,25.9,4056489189237,Hrana,2.59
Amerièki desert SK1,0150211,0.165,"2x80g,2x85g",Pakovanje,MCENNEDY,1.79,11.19,4056489201786,Hrana,1.79
Dezodorans SK16,0150788,0.053,50ml,PET-Boca,Cien,1.05,21,20548544,Kozmetika,1.05
Dezodorans SK16,0150788,0.053,50ml,PET-Boca,Cien,1.05,21,20918927,Kozmetika,1.05
Dezodorans SK16,0150788,0.053,50ml,PET-Boca,Cien,1.05,21,4335619175501,Kozmetika,1.05
Dezodorans SK17,0150789,0.052,50ml,PET-Boca,Cien,1.05,21,4335619175471,Kozmetika,1.05
Dezodorans SK17,0150789,0.052,50ml,PET-Boca,Cien,1.05,21,4335619175488,Kozmetika,1.05
High protein jogurt SK4,0150828,0.2,200g,Posudica,Milbona,0.99,4.95,4056489685937,Hrana,0.99
Protein Quark SK1,0150835,0.2,200g,Posudica,Pilos,1.29,6.45,4056489216230,Hrana,1.29
Next Level Nuggets,0151043,0.3,300g,Kart. na prekl.,Vemondo,2.09,6.97,4056489223252,Hrana,2.09
Deterdžent za pr. oboj. rublja 50pr,0151387,3.75,"3,75kg",Pakovanje,Maxitrat,5.69,0.11,4056489225416,Sredstva za èišæenje,5.69
Mljevena kava SK2,0154291,0.25,250g,Vrecica,Bellarom,4.99,19.96,4056489182207,Piæe,4.99
Mljevena kava SK2,0154291,0.25,250g,Vrecica,Bellarom,4.99,19.96,4056489708933,Piæe,4.99
Mljevena kava SK2,0154291,0.25,250g,Vrecica,Bellarom,4.99,19.96,4056489708940,Piæe,4.99
Zaèini SK1,0154517,0.127,"100g,120g,140g,130g",Limenka,Kania,1.69,12.07,4056489279419,Hrana,1.69
Zaèini SK1,0154517,0.127,"100g,120g,140g,130g",Limenka,Kania,1.69,16.9,4056489279433,Hrana,1.69
Zaèini SK1,0154517,0.127,"100g,120g,140g,130g",Limenka,Kania,1.69,12.07,4056489279433,Hrana,1.69
Zaèini SK1,0154517,0.127,"100g,120g,140g,130g",Limenka,Kania,1.69,16.9,4056489279440,Hrana,1.69
Kapsule za Cappuccino,0155511,0.186,"186,4g",Kart. na prekl.,Bellarom,3.79,20.33,4056489300854,Piæe,3.79
Masline XXL SK3,0155917,0.4,400g,Plitica,Chef Select & You,3.99,9.98,4056489599418,Hrana,3.99
Praline SK2,0156123,0.14,140g,Pakovanje,J.D. Gross,3.99,28.5,4056489601005,Hrana,3.99
Mlijeèna èokolada s cijelim badem.,0156659,0.1,100g,Tabla,Fin Carré,1.69,16.9,4056489321453,Hrana,1.69
Sredstvo za èišæenje sa spužvom SK1,0156905,0.425,"300g,400g,500g",Limenka,W5,2.39,0.6,4056489322849,Sredstva za èišæenje,2.39
Šampon za suho pranje kose SK17,0157246,0.119,200ml,Limenka,Cien,1.99,9.95,4056489328711,Kozmetika,1.99
Šampon za suho pranje kose SK17,0157246,0.119,200ml,Limenka,Cien,1.99,9.95,4056489345084,Kozmetika,1.99
Šampon za suho pranje kose SK17,0157246,0.119,200ml,Limenka,Cien,1.99,9.95,4056489815747,Kozmetika,1.99
Nature Sredst. za pranje posuða SK1,0157353,0.518,500ml,Boca,W5,1.59,3.18,4056489329398,Sredstva za èišæenje,1.59
Nature Deo Roll-on SK1  ,0158145,0.059,"50ml,75ml",Pakovanje,Cien Nature,2.25,45,4056489329855,Kozmetika,2.25
Rooibos èaj SK16,0162423,0.05,25x2g,Kart. na prekl.,Lord Nelson,1.29,25.8,20165253,Piæe,1.29
Flying Goose Chilli umak SK2,0162583,0.455,455ml,PET-Boca,,4.49,9.87,8853662056067,Hrana,4.49
Maslac od kikirikija SK4,0163186,0.454,454g,Staklo,Maribel,3.05,6.72,4056489424918,Hrana,3.05
Jednokratna britvica,0163333,0.057,10komad,Vrecica,Cien MEN,1.59,0.16,4056489450207,Kozmetika,1.59
Veganski gyros sa lukom,0163481,0.3,300g,Kart. na prekl.,Vemondo,2.39,7.97,4056489451648,Hrana,2.39
Veggie Mix SK1,0164061,0.4,400g,Kart. na prekl.,Vemondo,2.79,6.98,4056489456476,Hrana,2.79
Kompletna hrana za maèke SK20,0164210,0.415,415g,Limenka,Coshida,0.89,2.14,20103128,Proizvodi za kuæanstvo,0.89
Salama narezak XXL,0164600,0.17,170g,Atmos-Pakiranje,Dulano,1.69,9.94,4056489457848,Hrana,1.69
Schwarzwald Gin & Tonic 5% Vol.,0165163,0.327,"0,33l",Limenka,-,1.19,3.61,4056489463412,Piæe,1.19
Sanitas Ureðaj za èišæenje lica,0377268,0.138,1ST,Pakovanje,,6.6,6.6,4211125632397,Kozmetika,6.6
Kozmetièko ogledalo s rasvjetom,0377406,0.667,1ST,Pakovanje,Livarno Home,6.6,6.6,4055329053974,Kozmetika,6.6
Pureæa kobasica SK2,5000308,0.1,100g,Atmos-Pakiranje,Pikok,2.69,26.9,20293147,Hrana,2.69
Cabanossi kobasica SK2,5004039,0.09,90g,Atmos-Pakiranje,Alpenfest,1.49,16.56,20984328,Hrana,1.39
Knedle sa sviježim sirom SK1,5008681,0.41,410g,Kart. na prekl.,Alpenfest,2.79,6.8,4056489117667,Hrana,2.79
Dimljena šunka SK2,5010113,0.15,150g,Atmos-Pakiranje,Alpenfest,1.89,12.6,4056489629993,Hrana,1.89
L.Casei Active Drink SK1,5010625,0.4,4x100g,Pakovanje,Milbona,1.35,3.38,4056489630937,Hrana,1.35
L.Casei Active Drink SK1,5010625,0.4,4x100g,Pakovanje,Milbona,1.35,3.38,4056489861911,Hrana,1.35
Senf Estragon,5010805,0.33,330g,Tuba,Kania,1.49,4.52,4056489456513,Hrana,1.49
Senf Estragon,5010805,0.33,330g,Tuba,Kania,1.49,4.52,4056489810124,Hrana,1.49
High Protein kefir s voæem SK1,5011912,0.35,350g,PET-Boca,Milbona,1.59,4.54,4335619038363,Hrana,1.59
High Protein kefir s voæem SK1,5011912,0.35,350g,PET-Boca,Milbona,1.59,4.54,4335619038387,Hrana,1.59
"Kefir 1,5% masti s voænim sokom SK1",5011937,0.6,6x100g,Kart. na prekl.,Milbona,1.99,3.32,4335619038073,Hrana,1.99
Sir Monterey Jack u listiæima,5200217,0.2,200g,Pakovanje,McEnnedy,3.99,19.95,20509811,Hrana,3.99
Meksièki sir s èilijem,5200222,0.2,200g,Pakovanje,El Tequito,2.79,13.95,4056489241386,Hrana,2.79
Sir Cheddar Mature XXL,5200583,1,1000g,Pakovanje,Milbona,11.99,11.99,20510114,Hrana,11.99
Cheddar sir u listiæima,5200658,0.25,250g,Pakovanje,Hatherwood,2.99,11.96,20428785,Hrana,2.99
Sirevi SK1,5200709,0.14,140g,Pakovanje,Hatherwood,2.99,21.36,4056489335818,Hrana,2.99
Cheddar sir,5200744,0.25,250g,Pakovanje,Milbona,2.99,11.96,20575212,Hrana,2.99
Cake Angels Ukrasi za tortu SK2,5202468,0.113,"102g,113g,123g",Posudica,,2.59,25.39,5030101027922,Hrana,3.29
Jogurt grèkog tipa 10% m.m.,5502370,0.4,400g,Posudica,Pilos,0.85,2.13,20261382,Hrana,1.39
Hrenovke s topljenim sirom,5502667,0.4,400g,Atmos-Pakiranje,Alpenfest,3.89,9.73,20981570,Hrana,3.29
Sladoled u kornetu pistacija,5503268,0.068,120ml,Pakovanje,Ballino,0.69,5.75,20689636,Hrana,0.69
"Keksi za doruèak SK2, RFA",5503313,0.3,300g,Kart. na prekl.,Tastino,2.19,7.3,4056489119388,Hrana,2.19
Sok od naranèe 100%,5503815,1.045,1l,Pakovanje,Solevita,2.49,2.49,20055318,Piæe,2.49
Mini salame XXL SK1,5505447,0.15,150g,Atmos-Pakiranje,Pikok,1.69,11.27,20762704,Hrana,1.69
Slanina XXL SK1,5505516,0.13,130g,Atmos-Pakiranje,Pikok,1.19,9.15,20762759,Hrana,1.19
Hrenovke XXL,5505584,0.92,920g,Atmos-Pakiranje,Pikok,6.29,6.84,20763039,Hrana,6.29
Piæe od više vrsta voæa 20% SK3,5512955,0.41,"0,4l",PET-Boca,Solevita,0.99,2.48,4304493257115,Piæe,0.99
Tekuæi sapun SK2,5514468,0.52,500ml,PET-Boca,Cien,0.89,1.78,4056489622529,Kozmetika,0.89
Tekuæi sapun SK1,5514501,1.05,1l,Samost.vreca,Cien,0.99,0.99,4056489622543,Kozmetika,1.59
Šleska kobasica XXL,5515532,1.3,"1,3kg",Atmos-Pakiranje,Pikok,8.99,6.92,20060848,Hrana,8.99
Pašteta SK3,5516355,0.13,130g,Atmos-Posudica,Baroni,0.59,4.54,20063887,Hrana,0.59
Vlažne maramice za èišæenje SK3,5516867,0.439,"50komad,60komad",Pakovanje,W5,1.49,0.02,20063306,Proizvodi za kuæanstvo,1.49
Vlažne maramice za èišæenje SK3,5516867,0.439,"50komad,60komad",Pakovanje,W5,1.49,0.03,4056489261285,Proizvodi za kuæanstvo,1.49
Vlažne maramice za èišæenje SK3,5516867,0.439,"50komad,60komad",Pakovanje,W5,1.49,0.02,4056489261285,Proizvodi za kuæanstvo,1.49
Vlažne maramice za èišæenje SK3,5516867,0.439,"50komad,60komad",Pakovanje,W5,1.49,0.02,4056489783855,Proizvodi za kuæanstvo,1.49
Sredstvo za èišæenje limun,5518067,0.945,750ml,PET-Boca,W5,1.35,1.8,20146580,Sredstva za èišæenje,1.35
Mirisne luèice SK7 ,5519199,0.214,18komad,Pakovanje,-,1.59,0.09,4056489535959,Proizvodi za kuæanstvo,1.59
Mirisne luèice SK7 ,5519199,0.214,18komad,Pakovanje,-,1.59,0.09,4056489662143,Proizvodi za kuæanstvo,1.59
Odstranjivaè mrlja SK2,5519788,0.75,750g,Kozm.posudica,Formil,2.75,3.67,20342258,Sredstva za èišæenje,2.75
Odstranjivaè mrlja SK2,5519788,0.75,750g,Kozm.posudica,Formil,2.75,3.67,20342265,Sredstva za èišæenje,2.75
"Vreæe za smeæe, 35L",5520161,0.16,30komad,Traka,Purio,0.75,0.03,20142940,Proizvodi za kuæanstvo,0.75
Sapun iz Provanse SK10,5603194,0.1,100g,Pakovanje,Duc de Coeur,0.79,7.9,3511720115198,Kozmetika,0.79
Sapun iz Provanse SK10,5603194,0.1,100g,Pakovanje,Duc de Coeur,0.79,7.9,4056489566304,Kozmetika,0.79
Sapun iz Provanse SK10,5603194,0.1,100g,Pakovanje,Duc de Coeur,0.79,7.9,4056489762027,Kozmetika,0.79
Cidre Rosé,5605652,0.773,"0,75l",Boca,André Jalbert,2.29,3.05,4056489278580,Piæe,2.29
"Macarons, 12komada SK1",5610212,0.148,148g,Kart. na prekl.,Duc de Coeur,3.99,26.96,4056489137771,Hrana,3.99
Sapuni iz Provanse SK7,5615510,0.1,100g,Pakovanje,Duc de Coeur,0.79,7.9,4335619018419,Kozmetika,0.79
Tart s crvenim bobièastim voæem ,5616875,0.47,500g,Kart. na prekl.,Duc de Coeur,5.99,11.98,4056489727439,Hrana,5.99
Premium humus s bijelim tartufima,5617239,0.135,135g,Posudica,Deluxe,1.99,14.74,4056489727361,Hrana,1.99
Blub blub Party piæe jagoda,5618882,0.75,"0,75l",Boca,Solevita,2.05,2.73,4056489568827,Piæe,2.05
Salama XXL SK3,5619941,0.12,120g,Atmos-Pakiranje,French Style,1.99,16.58,20928421,Hrana,1.99
Puding s keksom,5700100,0.5,4x125g,Pakovanje,Sol&Mar,1.79,3.58,20797782,Hrana,1.79
Magdalenas kolaèiæi,5700155,0.615,615g,Vrecica,Sol&Mar,3.89,6.33,4056489409076,Hrana,3.89
"Salama Chorizo, narezana",5700179,0.2,2x100g,Atmos-Posudica,Sol&Mar,2.49,12.45,20332068,Hrana,2.49
Suha hrana za pse ,5700250,4,4kg,Vrecica,Orlando,6.99,1.75,20528263,Proizvodi za kuæanstvo,6.99
Parfem D'Elle,5715012,0.085,100ml,Boca,Suddenly,5.99,59.9,4056489575306,Kozmetika,5.99
Proteinski štapiæ (280ml) SK1,5715036,0.182,"4x45,5g",Kart. na prekl.,Gelatelli,4.49,24.67,4056489576266,Hrana,4.49
Torta SK1,5715976,0.18,2x90g,Pakovanje,Milbona,1.39,7.72,4056489689140,Hrana,1.39
Èokoladna krema SK1,5716262,0.13,130g,Posudica,Deluxe,1.79,13.77,4056489689881,Hrana,1.79
Mirisni štapiæi za prostor SK11,5717281,0.046,50ml,Boca,W5,1.69,33.8,4056489690283,Sredstva za èišæenje,1.69
Punjene masline SK1,5717443,0.41,"410ml, 425ml",Limenka,Sol&Mar,1.79,4.37,20033361,Hrana,1.79
"Sangria frizzante 5,5%",5718789,0.75,"0,75l",Staklo,Sol&Mar,2.79,3.72,4056489963486,Piæe,2.79
Fuet SK1,5719775,0.15,150g,Kart. na prekl.,Deluxe,2.15,14.33,4335619074484,Hrana,2.15
Mini kukuruzni vafli s okusom SK1,5720512,0.075,75g,Vrecica,Tastino,1.16,15.47,4335619107489,Hrana,1.16
Miris za dom Španjolska SK1,5720543,0.088,90ml,Pakovanje,,3.49,38.78,4335619107687,Sredstva za èišæenje,3.49
La Estepena kolaè SK2,5721423,0.25,250g,Kart. na prekl.,,5.59,22.36,8410282204034,Hrana,5.59
Jastuèiæi od tijesta punjeni s koz.,5900134,0.42,420g,Plitica,Sol&Mar,2.59,6.17,20085483,Hrana,2.59
Pašteta od sardina,5901268,0.088,4x22g,Limenka,Sol&Mar,1.79,20.34,20095253,Hrana,1.79
Bio napitak od soje èokolada,5910877,1.03,1l,Pakovanje,Vemondo,1.69,1.69,4056489695400,Hrana,1.69
Pastel de Nata razne vrste SK1,5911136,0.24,"240g,4x60g",Pakovanje,Sol&Mar,2.79,11.63,4056489695820,Hrana,2.79
Umak sa školjkama SK1,6000049,0.35,350g,Pakovanje,Italiamo,2.99,8.54,20334628,Hrana,2.99
Grana Padano 20mj. dozrijevan,6000065,0.2,200g,Atmos-Posudica,Deluxe,4.19,20.95,20443931,Hrana,4.19
Vrganji,6000066,0.3,300g,Vrecica,Deluxe,3.39,11.3,4056489720546,Hrana,3.39
Mljeveni èili u maslinovom ulju,6000091,0.17,170g,Staklo,Deluxe,1.99,11.71,20422103,Hrana,1.99
Svježe punjena tjestenina SK6,6000209,0.25,250g,Atmos-Posudica,Chef Select,1.49,5.96,20284329,Hrana,1.49
Svježe punjena tjestenina SK6,6000209,0.25,250g,Atmos-Posudica,Chef Select,1.49,5.96,4056489097020,Hrana,1.49
Croissant s èokoladnom kremom,6000213,0.5,500g,Pakovanje,Confiserie Firenze,2.99,5.98,20254094,Hrana,2.99
Croissant s pasticcera kremom,6000214,0.5,500g,Pakovanje,Italiamo,2.89,5.78,20254100,Hrana,2.89
Panirani morski plodovi,6000287,0.3,300g,Vrecica,Italiamo,3.89,12.97,4056489722199,Hrana,3.89
Burrata meki sir,6000486,0.2,200g,Plitica,Italiamo,2.69,13.45,4056489042594,Hrana,2.69
Bio napitak od zobi 10%,6008601,1.021,1l,Pakovanje,Vemondo,1.19,1.19,20050900,Hrana,1.19
Tiramisu Superfresco,6008848,0.3,300g,Pakovanje,Deluxe,3.89,12.97,20815837,Hrana,3.89
Mascarpone 41% m.m.,6009179,0.5,500g,Posudica,Italiamo,3.99,7.98,4056489098614,Hrana,3.99
Kakao biskvit s mlijeè. punj.,6009231,0.12,4x30g,Pakovanje,Milbona,1.35,11.25,4056489098690,Hrana,1.35
Džem od sicilijanskog voæa SK1,6009284,0.36,360g,Staklo,Italiamo,2.99,8.31,4056489098904,Hrana,2.99
Proteini,6011549,0.5,500g,Pakovanje,Optisana,1.39,2.78,4056489346678,Hrana,1.39
Svježi Panzerotti SK55,6012356,0.25,250g,Atmos-Posudica,Italiamo,1.79,7.16,4056489420491,Hrana,1.79
Svježi Panzerotti SK55,6012356,0.25,250g,Atmos-Posudica,Italiamo,1.79,7.16,4056489420507,Hrana,1.79
Grana Padano DOP 9 M,6012429,0.3,300g,Vakumir. pakov.,Milbona,5.19,17.3,4056489420873,Hrana,5.59
Burrata sa gorgonzolom,6013259,0.1,100g,Posudica,Deluxe,1.99,19.9,4056489523116,Hrana,1.99
Provoletta sir XXL SK4,6014188,0.165,165g,Atmos-Posudica,Italiamo,1.89,11.45,4056489630975,Hrana,1.89
Provoletta sir XXL SK4,6014188,0.165,165g,Atmos-Posudica,Italiamo,1.89,11.45,4056489630982,Hrana,1.89
Stakleni rezanci s povræem,6014528,0.2,200g,Atmos-Posudica,Vitasia,2.29,11.45,4056489632566,Hrana,2.29
Šunka,6014725,0.095,95g,Atmos-Posudica,Deluxe,2.29,24.11,4056489633181,Hrana,2.29
Maska s glazurom od kakaa,6016093,0.2,200g,Pakovanje,Let's have a party!,1.99,9.95,4056489796879,Hrana,1.99
Ravioli SK1,6016653,0.2,200g,Atmos-Posudica,Chef Select,1.88,9.4,4056489797418,Hrana,1.88
Ravioli SK1,6016653,0.2,200g,Atmos-Posudica,Chef Select,1.88,9.4,4056489797425,Hrana,1.88
Tjestenina SK5,6016823,0.5,500g,Vrecica,Italiamo,1.99,3.98,20848811,Hrana,1.99
Makaroni Bolognese,6017174,0.175,175g,Vrecica,Kania,1.69,9.66,4335619027183,Hrana,1.69
Jastuèiæi punjeni s kobasicom,6200012,1,1000g,Vrecica,Chef Select,4.49,4.49,20107185,Hrana,4.49
Crni papar u zrnu,6402799,0.014,14g,Vrecica,Kania,0.37,0.37,20756376,Hrana,0.37
Stolno bijelo vino,6402929,2,2l,PET-Boca,-,2.49,1.25,4304493256774,Piæe,2.79
Mješavina salata SK4,6403207,0.185,"170g,200g",Vrecica,Chef Select,1.19,7,20755645,Hrana,1.19
Voæni prutiæi SK13,6403633,0.15,5x30g,Pakovanje,Alesto,1.99,13.27,20755263,Hrana,1.99
Francuski Mix bez kukuruza,6403695,1,1000g,Vrecica,Freshona,2.39,2.39,4056489157663,Hrana,2.39
Paprika pasta SK1,6404019,0.16,160g,Tuba,Kuljanka,0.99,6.19,20755768,Hrana,0.99
"Sjeme. suncokreta, pržene, oguljene",6404489,0.1,100g,Vrecica,Alesto,0.62,6.2,20757076,Hrana,0.69
"Pureæi batak, cca. 750g",6406798,1,ca. 750g,Atmos-Pakiranje,-,3.99,3.99,2877770000000,Hrana,3.99
Negazirano piæe od jabuke 25%,6407588,0.2,"0,2l",Pakovanje,-,0.45,2.25,4056489158134,Piæe,0.45
"Pivska šunka, narezana",6700605,0.1,100g,Atmos-Pakiranje,Pikok,0.79,7.9,20493257,Hrana,0.79
Müsli ploèice s kakaom i naranèom,6700649,0.03,30g,Pakovanje,First Nice,0.29,0.29,20123567,Hrana,0.29
Müsli ploèice marelica,6700655,0.035,35g,Pakovanje,First Nice,0.29,0.29,20077266,Hrana,0.29
Zobena kaša SK14,6701260,0.065,65g,Vrecica,Crownfield,0.45,6.92,4056489064497,Hrana,0.45
Mesna rolada XXL SK1,6701633,0.625,625g,Vakumir. pakov.,Pikok,1.99,3.18,20493653,Hrana,1.99
Šunka SK1,6701933,0.3,300g,Limenka,Pikok,2.69,8.97,20671525,Hrana,2.69
Grickalice sa sirom XXL,6705098,0.3,300g,Vrecica,Snack Day,2.49,8.3,20839376,Hrana,2.49
Zobena kaša super food SK2,6706365,0.065,65g,Vrecica,Crownfield,0.59,9.08,20839505,Hrana,0.59
Zobena kaša s èokoladom,6706566,0.065,65g,Vrecica,Crownfield,0.45,6.92,4056489195863,Hrana,0.45
High Protein Èips SK1,6710331,0.04,40g,Pakovanje,,1.49,37.25,8594197510210,Hrana,1.49
High Protein Èips SK1,6710331,0.04,40g,Pakovanje,,1.49,37.25,8594197510227,Hrana,1.49
Müsli ploèice s kakaom i kokosom,6714743,0.03,30g,Pakovanje,Crownfield,0.29,0.29,4056489724391,Hrana,0.29
Müsli ploèice marelica - jogurt,6714745,0.03,30g,Pakovanje,Crownfield,0.29,0.29,4056489724360,Hrana,0.29
"Kuhana šunka, obiteljsko pakiranje",6715552,0.3,300g,Atmos-Pakiranje,Pikok,1.99,6.63,4056489725664,Hrana,1.99
Sredstvo za èišæenje WC-a SK1,6716078,1.057,1l,PET-Boca,W5,1.45,1.45,4056489909491,Sredstva za èišæenje,1.45
Kornet vanilija,6800437,0.055,55g,Vrecica,Ballino,0.39,7.09,20519773,Hrana,0.39
Štapiæi s kikirikijem,6900035,0.15,150g,Vrecica,Snack Day,0.85,5.67,20781255,Hrana,0.85
"Feferoni blagi, OM 320g",6900307,0.32,720ml,Staklo,Freshona,2.19,6.84,20438197,Hrana,2.39
Buðola,6900635,1,ca. 600g,Vakumir. pakov.,Okusi zavièaja,19.69,19.69,2206350000000,Hrana,19.69
Buðola,6900635,1,ca. 600g,Vakumir. pakov.,Okusi zavièaja,19.69,19.69,2503947000000,Hrana,19.69
Podravka Kokošja juha s tjesteninom,6900739,0.062,62g,Vrecica,,0.99,15.97,3850104003189,Hrana,0.99
Dolcela Puding SK1,6900762,0.156,"4x37g,4x45g",Vrecica,,2.09,11.61,3850104238307,Hrana,2.09
Fant Fix Gulaš i Paprikaš umak,6900770,0.065,65g,Vrecica,,1.39,21.38,3850104075537,Hrana,1.39
"'z bregov Kefir 3,5%",6901397,1,1000g,Pakovanje,,1.99,1.99,3850108030488,Hrana,1.99
Franck Èaj šumsko voæe,6901462,0.055,55g,Pakovanje,,2.29,41.64,3858881083813,Piæe,2.29
Svježa maðarica XXL,6901517,0.85,850g,Pakovanje,Okusi zavièaja,5.99,7.05,20778651,Hrana,5.99
"Varžak Cvjetni med, 900g",6901528,0.9,900g,Staklo,,5.95,6.61,3859888673847,Hrana,5.95
Mentol bomboni SK1,6901559,0.1,100g,Vrecica,Amanie,0.59,5.9,20778910,Hrana,0.59
Èips paprika XXL ,6901622,0.3,300g,Vrecica,Snack Day,1.59,5.3,20779429,Hrana,1.59
Kutjevo Graševina,6901647,0.744,"0,75l",Boca,,7.59,10.12,3850156001133,Piæe,7.59
Roštilj kobasice  XXL SK2,6901702,0.7,700g,Vakumir. pakov.,Pikok,3.69,5.27,20779375,Hrana,3.69
"Captain Morgan White Rum 37,5%",6901711,0.67,"0,7l",Boca,,11.59,16.56,5000281040899,Piæe,11.59
"Gordons Dry Gin 37,5%",6901713,0.7,"0,7l",Boca,,18.99,27.13,5000289925440,Piæe,18.99
"Traminac, kvalitetno bijelo vino",6901756,0.75,"0,75l",Boca,Winemakers of Croatia,5.49,7.32,4304493256736,Piæe,5.49
BO Beskvasni kruh SUS,6901825,0.4,400g,Rasuto,,1.39,3.48,3859888751668,Hrana,1.59
Èunga lunga žvakaæe gume Mega,6901905,0.015,15g,Pakovanje,,0.39,0.39,5310089001405,Hrana,0.39
"Delta Sušeni bakalar, cca.400-1000g",6901922,1,ca. 400-1000g,Vrecica,,49.9,49.9,2857560000000,Hrana,49.9
BO Punozrnati kruh,6901942,0.6,600g,Rasuto,,1.79,2.98,3859889133289,Hrana,1.79
BO Punozrnati kruh,6901942,0.6,600g,Rasuto,,1.79,2.98,3859893136559,Hrana,1.79
Champions Edition Èips paprika,6901946,0.25,250g,Vrecica,Snack Day,1.19,4.76,20780470,Hrana,1.19
Svježi sir 20% m.m.,6901956,0.5,500g,Posudica,Okusi zavièaja,1.85,3.7,20780449,Hrana,1.85
"Cockta Original 1,5l",6902053,1.5,"1,5l",PET-Boca,,1.78,1.19,3838600043045,Piæe,1.78
Kraš èokoladne Napolitanke ,6902160,0.5,500g,Kart. na prekl.,,6.29,12.58,3850102320073,Hrana,6.29
"Filet osliæa, Hubbsi",6902168,0.5,500g,Vrecica,Ocean Sea,4.79,9.58,20781064,Hrana,4.79
Dukat b.Aktiv LGG jogurt natur,6902220,1,1kg,PET-Boca,,2.82,2.82,3850354005933,Hrana,2.82
Zvijezda Majoneza 85g,6902240,0.085,85g,Vrecica,,1.09,12.82,3856015325228,Hrana,1.09
Zvijezda Majoneza 165g,6902241,0.165,165g,Tuba,,2.29,13.88,3858882210263,Hrana,2.29
Barkleys Classic SK10,6902264,0.05,50g,Limenka,,2.39,47.8,8717438743349,Hrana,2.39
Dukat b.Aktiv LGG Smoothie SK1,6902278,0.33,330g,PET-Boca,,1.82,5.52,3850354010999,Hrana,1.82
Dukat b.Aktiv LGG Smoothie SK1,6902278,0.33,330g,PET-Boca,,1.82,5.52,3850354015901,Hrana,1.82
"Mlada teletina za peèenje, cca. 2kg",6902353,1,cca. 2kg,Atmos-Pakiranje,Naša mesnica,8.59,8.59,2874960000000,Hrana,9.99
"Jaja podni uzgoj, razred L, 10 kom.",6902414,0.68,10komad,Pakovanje,Okusi zavièaja,2.69,0.27,3859891140077,Hrana,2.69
"Jaja podni uzgoj, razred L, 10 kom.",6902414,0.68,10komad,Pakovanje,Okusi zavièaja,2.69,0.27,4056489316992,Hrana,2.69
"Barcaffe mljevena kava, 400g",6902430,0.4,400g,Vrecica,,7.99,19.98,3838471041324,Piæe,7.99
Lješnjak prutiæi,6902433,0.18,180g,Pakovanje,Deluxe,3.29,18.28,40894126,Hrana,3.29
Baklava,6902540,0.5,500g,Pakovanje,Confiserie Firenze,3.99,7.98,20780708,Hrana,3.99
Koestlin Èajno pecivo musli&voæe,6902625,0.16,160g,Pakovanje,,1.49,9.31,3856014113512,Hrana,1.29
Agrolaguna Malvazija Istarska,6902628,0.75,"0,75l",Boca,,8.79,11.72,3858881190443,Piæe,8.79
Kraš Moto keksi kakao,6902642,0.36,360g,Pakovanje,,2.49,6.92,3850120200036,Hrana,2.49
Kraš Moto keksi kakao,6902642,0.36,360g,Pakovanje,,2.49,6.92,3850120601574,Hrana,2.49
Kinder Schoko-Bons,6902672,0.2,200g,Pakovanje,,3.69,18.45,8000500247792,Hrana,3.69
Euro-Milk Dragec Sir SK1,6902724,0.225,225g,Pakovanje,,2.75,12.22,3859889770460,Hrana,2.75
Pileæa posebna,6902748,1,1000g,Stanga,Pikok,2.89,2.89,40894621,Hrana,2.89
Faks Deterdžent lavanda&smilje,6902751,2.275,"2,275kg",Kutija,,11.99,0.34,3850105163691,Sredstva za èišæenje,11.99
Pileæa posebna XXL,6902781,1.25,1250g,Pakovanje,Pikok,2.69,2.15,40894645,Hrana,2.69
"Plavac, vrhunsko crno vino",6902846,0.747,"0,75l",Boca,Winemakers of Croatia,5.99,7.99,4304493258181,Piæe,5.99
"Svinjska rebra marinirana, ca. 500g",6902856,1,ca. 500g,Vakumir. pakov.,Naša mesnica,6.59,6.59,2228560000000,Hrana,6.59
Zvijezda Suncokretovo ulje,6902914,1.1,"1,2l",Boca,,1.85,1.54,3856015326652,Hrana,1.85
Duracell baterije AA,6902924,0.026,10komada,Pakovanje,,5.99,0.6,5000394019829,Proizvodi za kuæanstvo,5.99
Grèki jogurt natur,6902968,0.15,150g,Posudica,Pilos,0.65,4.33,40894300,Hrana,0.65
Mortadela s maslinama,6902986,0.15,150g,Atmos-Pakiranje,Pikok,1.79,11.93,40894249,Hrana,1.79
Pik Domaæa dimljena kobasica XXL,6903025,0.4,400g,Pakovanje,,3.39,8.48,3850139173697,Hrana,3.39
"Hamburger, cca. 400g",6903050,1,ca. 400g,Vakumir. pakov.,Pikok,6.99,6.99,2800030000000,Hrana,6.99
Vrhnje za šlag 36%,6903051,0.5,500g,Pakovanje,Pilos,2.35,4.7,40894355,Hrana,3.39
"Goveði biftek, cca. 2kg",6903089,1,ca. 2kg,Vakumir. pakov.,Naša mesnica,24.79,24.79,2895512000000,Hrana,28.99
"Goveði biftek, cca. 2kg",6903089,1,ca. 2kg,Vakumir. pakov.,Naša mesnica,24.79,24.79,2895517000000,Hrana,28.99
Dolcela Gingerbread keksiæi,6903158,0.43,430g,Kart. na prekl.,,2.29,5.33,3856020221515,Hrana,2.29
Hidra Izotonièno piæe limun,6903236,0.5,"0,5l",PET-Boca,,1.19,2.38,3850131005118,Piæe,1.19
Koko Meso mlade kokoši,6903247,1,"ca. 1,1kg",Vrecica,,2.19,2.19,2819435000000,Hrana,2.19
Gloria Cappuccino SK1,6903307,0.2,200g,Vrecica,,2.79,13.95,3858881087811,Piæe,2.79
Gloria Cappuccino SK1,6903307,0.2,200g,Vrecica,,2.79,13.95,3858881087828,Piæe,2.79
Hamburger,6903316,1,"ca. 1,2kg",Vakumir. pakov.,Pikok,5.99,5.99,2895690000000,Hrana,5.99
Lampioni Premium SK2,6903360,0.5,500g,Pakovanje,-,3.49,3.49,20251598,Proizvodi za kuæanstvo,3.49
Zvijezda Majoneza,6903779,0.4,400g,Pakovanje,,3.99,9.98,3856015331809,Hrana,3.99
Swisslion Išleri s Eurocremom,6903795,0.125,125g,Pakovanje,,1.09,8.72,8600946442111,Hrana,1.09
"Ožujsko Svijetlo pivo 5,0%, 4x0,5l",6904144,2,"4x0,5l",Limenka,,4.89,2.45,3850131986011,Piæe,4.45
"Flank Steak (Bauch), cca. 300g",6904154,1,ca. 300g,Vakumir. pakov.,-,17.99,17.99,2891580000000,Hrana,17.99
"Budweiser Svijetlo pivo 5%, 6x0,5l",6904156,3,"6x0,5l",Limenka,,6.99,2.33,8594403352122,Piæe,6.99
Ukrasna vreæica 12x39x9cm,6904173,0.044,1komad,Pakovanje,,0.89,0.89,6931688310331,Proizvodi za kuæanstvo,0.99
Ukrasna vreæica 32x26x12cm,6904180,0.046,1komad,Vrecica,,1.45,1.45,3856023020948,Proizvodi za kuæanstvo,1.45
Ukrasna vreæica 32x26x12cm,6904180,0.046,1komad,Vrecica,,1.45,1.45,3856023022942,Proizvodi za kuæanstvo,1.45
Ukrasna vreæica 32x26x12cm,6904180,0.046,1komad,Vrecica,,1.45,1.45,3858888911584,Proizvodi za kuæanstvo,1.45
Celofan 70x100cm,6904190,0.02,1komad,Pakovanje,,0.69,0.69,3858888053444,Proizvodi za kuæanstvo,0.69
"Jaja iz podnog uzgoja XXL, razred L",6904263,1.02,15komad,Pakovanje,Okusi zavièaja,2.39,0.16,4056489317104,Hrana,2.39
Kinder Èokolada,6904573,0.125,125g,Pakovanje,,1.69,13.52,4008400204727,Hrana,1.15
Mini Snack SK1,6904631,0.03,30g,Vrecica,Snack Day,0.35,0.35,4056489074007,Hrana,0.45
Mini Snack SK1,6904631,0.03,30g,Vrecica,Snack Day,0.35,0.35,4056489074014,Hrana,0.45
"Ožujsko svijetlo pivo 5%, 6x0,5l",6904646,3,3l,Limenka,,7.67,2.56,3850131005699,Piæe,7.67
Violeta Sredstvo za èišæenje poda ,6904929,0.999,1l,Boca,,1.45,1.45,3870128017238,Sredstva za èišæenje,1.45
Violeta Sredstvo za èiš. poda+proz.,6904932,1.86,"1,75l",Pakovanje,,3.19,1.82,3870128022256,Sredstva za èišæenje,3.19
"Svje. pileæa prsa, bk sk, cca. 500g",6905062,1,ca. 500g,Atmos-Pakiranje,Naša mesnica,5.89,5.89,2868650000000,Hrana,5.89
Hipp BIO mlij. kašica keks/jabuka  ,6905069,0.19,190g,Staklo,,1.65,8.68,9062300133148,Hrana,1.65
"Siti sort., ins. napitak SK2, 1000g",6905092,1,1000g,Vrecica,Freeway,3.89,3.89,4056489074878,Piæe,3.89
"Krušovice Pivo 4,2%",6905096,2,"4x0,5l",Limenka,,5.61,2.81,8594009922699,Piæe,5.61
Meri Merino det. Col. 75pranj.,6905163,4.613,"4,5l",Boca,,5.69,1.26,3580111105739,Sredstva za èišæenje,5.69
Pljukanci,6905190,0.4,400g,Vrecica,Okusi zavièaja,1.99,4.98,4056489075271,Hrana,1.99
Obiteljski svježi kolaèi,6905271,0.33,"330g, 345g",Pakovanje,Okusi zavièaja,5.49,15.91,4056489316749,Hrana,5.49
Indomie Instant juha okus piletina,6905279,0.35,5x70g,Pakovanje,,2.09,5.97,8606108584866,Hrana,2.09
Meri Merino Tekuæi deterdžent Color,6905282,2.7,"2,7l",PET-Boca,,7.19,0.16,3850111105791,Sredstva za èišæenje,7.19
"File otkoštenog zabatka, cca. 500g",6905305,1,ca. 500g,Atmos-Pakiranje,Naša mesnica,6.99,6.99,2868823000000,Hrana,6.99
Podravka Goveða kocka RETRO,6905312,0.12,120g,Pakovanje,,1.49,12.42,3856020245917,Hrana,1.49
Peèenica narezak,6905317,0.1,100g,Vakumir. pakov.,Pikok Pure,2.29,22.9,4056489612407,Hrana,2.29
Proteini.si Nat. BCAA Mar. Pas. fr.,6905328,0.2,200g,Vrecica,,12.49,62.45,3830069173202,Hrana,12.49
Kraš Domaæica Original Duopack,6905405,0.6,2x300g,Pakovanje,,4.49,7.48,3850102005710,Hrana,4.49
Eye round steak,6905443,0.22,220g,Vakumir. pakov.,Naša mesnica,5.29,24.05,4056489316923,Hrana,5.29
Lampioni L-104,6905500,0.74,4x160g,Pakovanje,-,3.99,1,4056489317135,Proizvodi za kuæanstvo,3.99
Graševina,6905538,2,2l,PET-Boca,,3.99,2,3859894096074,Piæe,3.99
"Svinj. carsko s dod. dima, cca.600g",6905859,1,ca. 600g,Vakumir. pakov.,-,9.49,9.49,2869050000000,Hrana,9.49
Dorina Èokolada SK1,6905966,0.231,"220g,250g",Pakovanje,,4.49,20.41,3850102123452,Hrana,4.49
Nektar jabuka 50%,6905992,2.06,2l,Pakovanje,Solevita,1.75,0.88,4056489317357,Piæe,1.75
Nektar naranèa 50%,6905993,2.06,2l,Pakovanje,Solevita,1.75,0.88,4056489317340,Piæe,1.75
Violeta Omekšivaè 114 pranja SK1,6906055,3.992,4l,Boca,,4.49,1.12,3870128028623,Sredstva za èišæenje,4.79
Vafli od smeðe riže SK15,7202044,0.12,120g,Pakovanje,Sondey,0.99,8.25,20962425,Hrana,0.99
"Smrznute kajzerice bijele, 12x63g",7204170,0.756,756g,Vrecica,-,1.99,2.63,3800210986616,Hrana,1.99
"Smrznute kajzerice bijele, 12x63g",7204170,0.756,756g,Vrecica,-,1.99,2.63,4052917047247,Hrana,1.99
Meat Revolution Gov.burg.sa sirom,7206485,0.25,250g,Vakumir. pakov.,,3.39,13.56,3800216653949,Hrana,3.39
Kajmak od kravljeg mlijeka,7206813,0.2,200g,Staklo,NOSTJA,3.29,16.45,4056489178965,Hrana,3.29
Mochi SK2,7207726,0.21,210g,Kart. na prekl.,Gelatelli,3.49,16.62,4056489941224,Hrana,3.49
Perutnina Ptuj Pileæi narezak SK2,7300183,0.143,"125g,180g",Atmos-Pakiranje,,1.99,11.06,3838977024470,Hrana,1.99
"Paloma Toaletni papir, 3-slojni",7300347,1.312,16x114Blatt,Pakovanje,,3.59,0.22,3838952028189,Proizvodi za kuæanstvo,3.59
Domaæi narezak SK3,7300421,0.1,100g,Atmos-Pakiranje,Pikok,1.59,15.9,20605681,Hrana,1.59
Domaæi narezak SK3,7300421,0.1,100g,Atmos-Pakiranje,Pikok,1.59,15.9,20605698,Hrana,1.59
Tirolska kobasica XXL,7300638,1,1000g,Stanga,Pikok,4.99,4.99,20606510,Hrana,4.99
Leone Sladolde na štapiæu SK2,7303384,0.152,"4x60ml,4x70ml",Kart. na prekl.,,2.29,9.54,3830053876157,Hrana,2.29
Curry zalogaj SK1,7712698,0.32,320g,Atmos-Pakiranje,Vitasia,2.29,7.16,4056489483885,Hrana,2.29
Vivil Bomboni bez šeæera sort.,7713799,0.12,120g,Vrecica,,1.79,14.92,4020400898621,Hrana,1.79
Vivil Bomboni bez šeæera sort.,7713799,0.12,120g,Vrecica,,1.79,14.92,4020400898713,Hrana,1.79
Proteinski prutiæ Creamy Bar SK1,7715083,0.04,40g,Pakovanje,-,1.59,1.59,4056489884934,Hrana,1.59
Majoneza,9000006,0.094,100ml,Vrecica,Kania,0.69,6.9,20964993,Hrana,0.75
Adriatikos bijeli sir (OM 500g),9000134,0.55,550g,Plitica,Pilos,4.69,9.38,20965334,Hrana,4.69
Toast bijeli,9000294,0.5,500g,Vrecica,Tastino,0.99,1.98,20967307,Hrana,0.99
Vinarija Èoka Ždrepèeva krv,9000359,1,1l,Boca,,4.25,4.25,8600102938076,Piæe,4.25
Nutrino Lab pire Power Mix,9002107,0.2,200ml,Vrecica,,1.69,8.45,8606019652920,Piæe,1.69
Toaletni papir XXL 4-slojni,9003160,2.112,24x120Blatt,Pakovanje,Floralys,5.49,0.23,4056489317548,Proizvodi za kuæanstvo,5.49
Best Food cikla (OM 450g),9003541,0.45,680g,Staklo,,1.29,2.87,5310354000980,Hrana,1.29
Bambi Plazma Keksi,9003831,0.3,300g,Pakovanje,,2.99,9.97,8600043000023,Hrana,2.99
Proteinski Cookies SK3,0158685,0.045,45g,Pakovanje,Sondey,1.59,1.59,4056489350859,Hrana,1.59
Roštilj kobasice SK1,0159509,0.2,200g,Vakumir. pakov.,Dulano,1.59,7.95,4056489368717,Hrana,1.59
Roštilj kobasice SK1,0159509,0.2,200g,Vakumir. pakov.,Dulano,1.59,7.95,4056489368724,Hrana,1.59
Krema za sunèanje Sensitive 50+,0159511,0.05,50ml,Tuba,Cien Sun,2.59,51.8,4056489601722,Kozmetika,2.59
Pizza Chorizo,0160573,0.36,360g,Kart. na prekl.,Sol&Mar,2.99,8.31,4056489349860,Hrana,2.99
Premium sladoled na štapiæu SK1,0160838,0.288,4x90ml,Kart. na prekl.,Gelatelli,2.92,8.11,4056489411178,Hrana,2.92
Slatka zaèinska paprika,0160935,0.049,49g,Staklo,Kania,1.06,1.06,4056489411864,Hrana,1.06
Krema od balsamica,0161305,0.3,250ml,PET-Boca,Acentino,1.09,4.36,4056489416951,Hrana,1.09
Vreæice za pseæi izmet [15µ],0161549,0.12,4x20komad,Kart. na prekl.,Orlando,1.65,0.02,4056489418849,Proizvodi za kuæanstvo,1.65
Kikiriki maslac SK1,0161598,0.34,340g,Staklo,MCENNEDY,2.69,7.91,4056489419136,Hrana,2.69
Mirisni osvježivaè prostora SK18,0161698,0.148,150ml,PET-Boca,W5,1.69,11.27,4056489232285,Sredstva za èišæenje,1.69
Mirisni osvježivaè prostora SK18,0161698,0.148,150ml,PET-Boca,W5,1.69,11.27,4335619040786,Sredstva za èišæenje,1.69
Dimljena tuna SK2,6210738,0.16,160g,Kart. na prekl.,Nixe,2.39,22.98,4056489771685,Hrana,2.39
Melomakarona medenjaci,6211298,0.22,220g,Kart. na prekl.,Eridanous,3.66,16.64,4056489906148,Hrana,Nije_bilo_u_prodaji_02.05.2025
Feta sir,6211913,0.2,200g,Pakovanje,Deluxe,2.24,11.2,4335619096646,Hrana,2.24
Kava s aromom SK1,6211933,0.2,200g,Vrecica,Bellarom,6.89,34.45,4335619096677,Piæe,5.7
Kava s aromom SK1,6211933,0.2,200g,Vrecica,Bellarom,6.89,34.45,4335619096684,Piæe,5.7
Mexiko-Mix,6400493,1,1kg,Vrecica,Freshona,2.33,2.33,20093914,Hrana,2.33
Kukuruzni snack s okusom èilija,6400718,0.07,70g,Vrecica,Alesto,0.69,9.86,20947286,Hrana,0.69
Pureæi odrezak iz filea,6401075,0.45,450g,Atmos-Pakiranje,-,5.29,11.76,20138431,Hrana,5.29
Šeæer u prahu,6401081,0.5,500g,Vrecica,Belbake,0.99,1.98,20754761,Hrana,0.99
Smeði šeæer,6401082,0.5,500g,Pakovanje,Belbake,0.99,1.98,20754778,Hrana,0.99
Hell Sugarfree Energy Drink,6401929,0.257,"0,25l",Limenka,,1.09,4.36,5999884034445,Piæe,0.92
Tonic SK1,6906124,1.008,1l,PET-Boca,-,0.99,0.99,4056489610533,Piæe,0.99
PIK Fina šunka narezana XXL,6906138,0.3,300g,Pakovanje,,4.49,14.97,3850139241112,Hrana,4.49
Ukrasna vreæica 23x18x10cm,6906193,0.044,1komad,Pakovanje,,1.29,1.29,3856023029514,Proizvodi za kuæanstvo,1.29
"Dukat Èokoladno mlijeko, 1l",6906227,1,1l,Boca,,2.39,2.39,3850354007661,Hrana,2.39
"Jaja iz podnog uzgoja, razred M",6906363,1.044,18komad,Pakovanje,Okusi zavièaja,4.39,0.24,4056489926900,Hrana,4.19
Sladoled Triple SK2,0137318,0.308,4x130ml,Kart. na prekl.,Bon Gelati,2.79,5.37,4056489424888,Hrana,2.79
Sladoled Triple SK2,0137318,0.308,4x130ml,Kart. na prekl.,Bon Gelati,2.79,5.37,4056489424895,Hrana,2.79
Hugo SK1,0137660,0.2,"0,2l",Limenka,Allini,1.29,6.45,4304493268548,Piæe,1.29
TK Smoothies SK6,0137844,0.45,450g,Vrecica,-,2.98,6.62,40881898,Hrana,2.98
Namaz svježi sirSK48,0138068,0.097,"100g,90g",Pakovanje,Deluxe,1.99,19.9,20112080,Hrana,1.99
Djeèje pelene XL,0138089,1.09,30komad,Pakovanje,Lupilu,4.49,0.15,20112370,Proizvodi za kuæanstvo,4.49
Zaèini za kolaèe SK1,0138251,0.025,25g,Vrecica,Belbake,0.99,0.99,4056489005711,Hrana,0.99
"Tuna u salamuri, ATG: 168g",0138481,0.24,3x80g,Limenka,Nixe,2.65,15.77,20117153,Hrana,2.65
Krema za lice SK5,0138687,0.05,50ml,Kart. na prekl.,Cien Nature,1.93,1.93,4056489345879,Kozmetika,1.93
Krema za lice SK5,0138687,0.05,50ml,Kart. na prekl.,Cien Nature,1.93,1.93,4056489345886,Kozmetika,1.93
Surimi štapiæi,0138945,0.3,300g,Vrecica,Vitasia,1.89,6.3,20137533,Hrana,1.89
Losos u lisnatom tijestu SK1,0139243,0.7,700g,Kart. na prekl.,Deluxe,9.99,14.27,20158323,Hrana,9.99
Briketi za roštilj Bioles Horizont,7305767,3,3kg,Vreca,,3.19,3.19,3859888141070,Proizvodi za kuæanstvo,3.19
Vrtna svijeæa Citronela,7305872,0.6,1komad,Rasuto,,3.49,3.49,3830012523771,Proizvodi za kuæanstvo,Nije_bilo_u_prodaji_02.05.2025
Kroasan s pistacijom,7307980,0.36,360g,Vrecica,Deluxe,3.55,9.86,4056489937890,Hrana,3.55
Dimljena lopatica s kožom u mreži,7308705,1,ca.600g,Vakumir. pakov.,,4.85,4.85,2800352000000,Hrana,4.85
Maslac s Camargue morskom soli,7400119,0.25,250g,Pakovanje,Deluxe,3.49,13.96,20612610,Hrana,2.99
Mini lisnato,7404662,0.08,80g,Box,Deluxe,1.39,17.38,4056489048558,Hrana,1.39
Svježi Macaronsi jesenske sorte,7406348,0.144,12x12g,Blister,Confiserie Firenze,3.79,26.32,4056489365136,Hrana,3.79
Schogetten SK92,0002838,0.1,100g,Tabla,,1.29,12.9,4000415004408,Hrana,1.29
Schogetten SK92,0002838,0.1,100g,Tabla,,1.29,12.9,4000415079604,Hrana,1.29
Schogetten SK92,0002838,0.1,100g,Tabla,,1.29,12.9,4000415087609,Hrana,1.29
Schogetten SK92,0002838,0.1,100g,Tabla,,1.29,12.9,4000415729202,Hrana,1.29
Schogetten SK92,0002838,0.1,100g,Tabla,,1.29,12.9,4000415992804,Hrana,1.29
Schogetten SK92,0002838,0.1,100g,Tabla,,1.29,12.9,4000607151101,Hrana,1.29
Mini kokos prutiæi,0002844,0.35,350g,Vrecica,Mister Choc,3.59,10.26,4056489232407,Hrana,3.59
Müsli prutiæi SK50,0002858,0.2,200g,Kart. na prekl.,Crownfield,1.65,8.25,20080693,Hrana,1.65
Müsli prutiæi SK50,0002858,0.2,200g,Kart. na prekl.,Crownfield,1.65,8.25,20104221,Hrana,1.65
Mini èokoladne banane,0002859,0.2,200g,Vrecica,Mister Choc,1.61,8.05,20044749,Hrana,1.79
"Ferrero Raffaello 15 komada, 150g",0002870,0.15,150g,Pakovanje,,3.99,26.6,5413548040592,Hrana,3.99
Grèko predjelo SK1,0151685,0.39,"380g,400g",Plitica,Eridanous,4.69,12.34,4056489231622,Hrana,3.69
Mješavina orašastih plodova SK5,0152058,0.2,200g,Samost.vreca,Alesto,3.99,19.95,20353032,Hrana,3.99
Mješavina orašastih plodova SK5,0152058,0.2,200g,Samost.vreca,Alesto,3.99,19.95,20559618,Hrana,3.99
Exotic mix,0152060,0.06,60g,Vrecica,Alesto,1.19,19.83,20559588,Hrana,1.19
Sladoled SK1,0152614,0.173,3x90ml,Kart. na prekl.,MCENNEDY,2.99,11.07,4056489248477,Hrana,2.99
Pjenušac suhi,0152671,0.75,"0,75l",Boca,Burg Schöneck,2.99,3.99,4056489237402,Piæe,2.99
Premium Sushi SK1,0152782,0.178,"168g,178,5g,185g",Pakovanje,select & go,3.79,21.23,4056489250180,Hrana,3.79
Dressing ljetni SK2,0152964,0.255,250ml,Staklo,Kania,1.79,7.16,4335619170957,Hrana,1.79
Grèka predjela,0153181,0.15,150g,Plitica,Chef Select,2.39,15.93,4056489241928,Hrana,2.39
Tuna u sunc. ulju (ATG 3x52g),0153391,0.21,3x70g,Limenka,Nixe,2.49,15.96,4056489262282,Hrana,2.49
Wakame salata SK1,0153467,0.1,100g,Plitica,Vitasia,1.89,18.9,4056489262466,Hrana,1.89
Pileæa prsa XXL SK8,0153481,0.4,400g,Atmos-Pakiranje,Dulano,4.99,12.48,4056489234159,Hrana,4.99
Mljevena kava SK1,0153488,0.25,250g,Limenka,Deluxe,6.99,27.96,4056489262602,Piæe,6.99
Gumeni bomboni voæni jogurt,0153599,0.2,200g,Vrecica,Sweet Corner,1.19,5.95,4056489267294,Hrana,1.19
Hrskavi mlijeèni desert vanilija,0153698,0.35,650ml,Kart. na prekl.,Gelatelli,2.49,3.83,4056489267805,Hrana,2.49
Eau de Parfum SK6,0153747,0.063,75ml,Kart. na prekl.,Suddenly,6.49,86.53,4056489268079,Kozmetika,6.49
Toaletna voda za muškarce SK5,0153751,0.063,75ml,Kart. na prekl.,G. Bellini,6.49,86.53,4056489545606,Kozmetika,6.49
Donut Pinky 4kom.,0153773,0.212,212g,Blister,,1.99,9.39,4056489268338,Hrana,1.99
Nacho umak,0153970,0.205,205g,Plitica,El Tequito,3.29,16.05,20958909,Hrana,3.29
Grickalice za pse SK6,0169319,0.14,"105g,135g,180g",Vrecica,Orlando,0.89,6.59,4056489333616,Proizvodi za kuæanstvo,0.89
Grickalice za pse SK6,0169319,0.14,"105g,135g,180g",Vrecica,Orlando,0.89,8.48,4056489333623,Proizvodi za kuæanstvo,0.89
Punjena tjestenina,0169478,0.25,250g,Vrecica,Deluxe,2.89,11.56,4056489868866,Hrana,2.89
Maramice,0170095,0.477,180Blatt,Pakovanje,,2.19,2.19,5200132752685,Proizvodi za kuæanstvo,2.19
Hummus SK33,0170159,0.2,200g,Plitica,Chef Select,1.39,6.95,4056489545804,Hrana,1.39
Hummus SK33,0170159,0.2,200g,Plitica,Chef Select,1.39,6.95,4056489545811,Hrana,1.39
Kocke sira u repièinom ulju 45% SK1,0170443,0.35,350g,Staklo,Eridanous,3.29,9.4,4056489550785,Hrana,3.29
Kocke sira u repièinom ulju 45% SK1,0170443,0.35,350g,Staklo,Eridanous,3.29,9.4,4056489550792,Hrana,3.29
Sredstvo za èišæenje SK1,0170595,0.997,1l,PET-Boca,W5,2.29,2.29,4056489554318,Sredstva za èišæenje,2.29
Churros SK1,0170832,0.225,225g,Kart. na prekl.,Sol&Mar,2.29,10.18,4056489558828,Hrana,2.29
Sauvignon Blanc Pays d'Oc IGP,0074337,0.75,"0,75l",Boca,Chevalier de Fauvert,3.99,5.32,4056489790563,Piæe,3.99
Tjestenina bez glutena SK4,0074516,0.5,500g,Vrecica,free from,1.99,3.98,20284244,Hrana,1.99
Philips Aparat za šišanje,0391058,0.264,1ST,Pakovanje,,10,10,8710103859673,Kozmetika,10
Smrznute borovnice,0173945,0.5,500g,Vrecica,Freshona,3.79,7.58,4056489620099,Hrana,3.79
Mie tjestenina,0174568,0.25,250g,Pakovanje,Vitasia,1.19,4.76,4056489617822,Hrana,1.19
Cappuccino Sticks SK22,0174748,0.156,"142g,170g",Kart. na prekl.,Bellarom,1.79,10.53,4052917450917,Piæe,1.79
"Poslastica za pse, SK4",0175839,0.4,400g,Vrecica,Orlando,1.29,3.23,4056489621126,Proizvodi za kuæanstvo,1.29
Èokoladne pahuljice XXL SK4,0176893,0.9,900g,Kart. na prekl.,Crownfield,3.99,4.43,4056489021506,Hrana,3.99
Delikatesna pašteta,0178429,0.15,150g,Vrecica,Deluxe,1.29,8.6,20320416,Hrana,1.29
Bio dj. voæna kašica Banana-jabuka,0179374,0.19,190g,Staklo,Lupilu,0.85,4.47,4056489688273,Hrana,0.85
Ledo Bulgur mješavina smrznuta,6905590,0.4,400g,Vrecica,,2.19,5.48,3850116036052,Hrana,2.19
Meðimurski domaæi kuhani sir SK3,6905626,0.5,500g,Vakumir. pakov.,Okusi zavièaja,3.99,7.98,4056489316596,Hrana,5.69
Boom Box Zobeni napitak s bademom,6905664,1,1l,Pakovanje,,2.79,2.79,3858890476927,Hrana,2.79
Boom Box Zobeni keksi brusnica,6905673,0.05,50g,Pakovanje,,0.89,17.8,3858890476804,Hrana,0.89
Kraš PreKrašni Kol. sa pun. od lim.,6905692,0.22,220g,Vrecica,,1.89,8.59,3850102011216,Hrana,1.89
BO Domaæi klipiæ punjen šu. i sir.,6905746,0.07,70g,Rasuto,,0.99,14.14,3858889618185,Hrana,0.99
Borotalco Deo Roll-on Original,6905769,0.05,50ml,Pakovanje,,3.69,73.8,80453000,Kozmetika,3.69
ABC Svježi krem sir FIT,6905797,0.1,100g,Posudica,,1.15,11.5,3850257060749,Hrana,1.15
Stiegl-Goldbräu Premium svij. pivo,6905817,0.504,"0,5l",Limenka,,1.88,3.76,90034558,Piæe,1.88
Tost kruh (Pan Carr?),6000931,0.33,330g,Pakovanje,Tastino,0.79,2.39,20034306,Hrana,0.79
Guanciale,6001019,0.1,100g,Atmos-Posudica,Italiamo,2.59,25.9,20499044,Hrana,2.59
Rižoto SK5,6001161,0.175,175g,Vrecica,Kania,1.29,7.37,20499830,Hrana,1.29
Rižoto SK5,6001161,0.175,175g,Vrecica,Kania,1.29,7.37,20499983,Hrana,1.29
Sir toskanski SK3,6001274,0.15,150g,Vakumir. pakov.,Deluxe,3.99,26.6,20446260,Hrana,3.99
"Quattro sladoled, 1kg",6001940,1,1000g,Plitica,Gelatelli,5.39,3.17,20684808,Hrana,5.39
Svježi medaljoni od povræa SK1,6003029,0.25,250g,Atmos-Posudica,Vemondo,2.59,10.36,20685812,Hrana,2.59
Grana Padano DOP 14M u kockicama,6007311,0.3,300g,Vrecica,Italiamo,5.19,17.3,20158545,Hrana,5.19
Mlijeèni desert vanil. i èoko. SK3,5701233,0.135,"130g,140g",Pakovanje,Sol&Mar,1.59,11.36,20705541,Hrana,1.59
Chorizo salama narezana,5701595,0.1,100g,Atmos-Posudica,Sol&Mar,1.79,17.9,20645113,Hrana,1.79
Chorizo extra Sarta salama SK2,5701702,0.2,200g,Atmos-Pakiranje,Sol&Mar,2.69,13.45,20645090,Hrana,2.69
Proljetne rolice,5702423,0.28,280g,Atmos-Posudica,Vitasia,2.69,9.61,20295929,Hrana,2.69
Siao Long Pao SK2,5704408,0.24,"230g,250g",Atmos-Posudica,Vitasia,3.99,15.96,20796518,Hrana,3.99
Tvrdi sir SK3,5704773,0.22,220g,Vakumir. pakov.,Sol&Mar,4.29,19.5,20645243,Hrana,4.29
Tvrdi sir SK3,5704773,0.22,220g,Vakumir. pakov.,Sol&Mar,4.29,19.5,4056489139959,Hrana,4.29
Bezalkoholno piæe od jagode SK1,5706633,0.765,750ml,PET-Boca,Solevita,2.29,3.05,4304493260078,Hrana,2.29
Bio wellness èaj SK7,5707655,0.024,12x2g,Karton,Lord Nelson,2.89,120.42,20189105,Piæe,2.89
Gabriel Sirutka od kozjeg mlijeka,6906390,0.5,500ml,PET-Boca,,0.95,1.9,3859892805548,Hrana,0.95
Gabriel kefir od kozjeg mlijeka,6906391,0.5,500ml,PET-Boca,,2.19,4.38,3859892805562,Hrana,2.19
Nivea Men Cr. Styl.Gel za kosu SK1,6906400,0.15,150ml,Tuba,,5.79,38.6,9005800318349,Kozmetika,5.79
Labello Balzam za usne,6906407,0.005,"4,8g",Pakovanje,,2.99,2.99,4005808764006,Kozmetika,2.99
Ljetni stakloper,6906433,5.05,5l,PET-Boca,,1.89,0.38,3859888770621,Proizvodi za kuæanstvo,1.89
"Nila Color, 68 pranja",6906444,3.796,"3,7l",PET-Boca,,4.99,0.07,3850105182951,Sredstva za èišæenje,4.99
Ornel Omekšivaè Flower Garden RETRO,6906447,3.75,"3,75l",PET-Boca,,4.25,0.03,3850105183040,Sredstva za èišæenje,4.25
BO Domaæi bakin kruh s kis. tijest.,6906466,0.47,470g,Rasuto,,1.69,3.6,3859893136672,Hrana,1.69
Cedevita instant napitak SK1,6906472,0.455,455g,Vrecica,,3.95,8.68,3850322014882,Piæe,4.19
Cedevita instant napitak SK1,6906472,0.455,455g,Vrecica,,3.95,8.68,3850322016268,Piæe,4.19
Cedevita Instant napitak Limun,6906474,0.9,900g,Pakovanje,,6.39,7.1,3850322015001,Piæe,6.39
"Pilsner Urquell 4,4%",6906484,2,"4x0,5l",Limenka,,6.11,3.06,8594404005409,Piæe,6.11
Boom Box Zobeni napitak lješnjak,6906490,1,1l,Pakovanje,,2.49,2.49,3858890476989,Piæe,2.49
Kandit Choco Banana Uskrs,6906499,0.28,280g,Kart. na prekl.,,1.46,5.21,3856024803458,Hrana,1.46
Kuhinjski ubrusi 4x50 listiæa 2-sl.,6906522,0.397,4x50Blatt,Pakovanje,Floralys,1.29,0.32,4056489610960,Proizvodi za kuæanstvo,1.29
Mini JAP SK2,6906540,0.097,100ml,Boca,Alliance,1.19,11.9,20254780,Piæe,1.19
"Le Coq Cocktail Blue Lagoon 4,7%",6906608,0.33,330ml,Boca,,1.52,4.61,4740098090601,Piæe,1.52
Spirits of Croatia Teranino 16% ,6906673,0.5,"0,5l",Boca,,7.99,15.98,3859894287021,Piæe,7.99
Pivac Èajna narezak,6906717,0.08,80g,Atmos-Pakiranje,,1.19,14.88,3858884997131,Hrana,1.19
Baklava s orasima i višnjama,6907004,0.5,500g,Pakovanje,1001 delights,3.79,7.58,4056489611295,Hrana,3.79
PIK Pureæa šunka peèena,6907016,0.1,100g,Pakovanje,,1.89,18.9,3850139522150,Hrana,1.89
Pivac Dalm. pršut,6907042,0.5,500g,Atmos-Pakiranje,,10.99,21.98,3858890183306,Hrana,10.99
Svježi filet brancina,6907049,0.37,370g,Atmos-Pakiranje,Naša ribarnica,9.99,27,3859893969980,Hrana,9.99
Proteini.si Protein bar jabuka,6907078,0.055,55g,Pakovanje,,1.15,20.91,3830081423477,Hrana,1.15
Proteini.si 100% Vegan Proteini èok,6907087,0.5,500g,Vrecica,,12.39,24.78,3830075229504,Hrana,12.39
Chupa Chups lizalice,6907097,0.012,12g,Pakovanje,,0.39,0.39,84196675,Hrana,0.39
WC Net Blue Fresh Gel za èišæenje,6907113,1.5,2x750ml,Pakovanje,,3.15,2.1,3859892558796,Sredstva za èišæenje,3.15
Ornel Omekšivaè za rublje 96pr. SK1,6907137,2.4,"2,4l",PET-Boca,,5.99,2.5,3850105182258,Sredstva za èišæenje,6.59
Rexona Dezodorans SK1,6907181,0.15,150ml,Pakovanje,,4.69,31.27,8711600350212,Kozmetika,4.69
Annyer Revital Šampon kop./bre. SK2,6907210,0.3,300ml,Pakovanje,,2.25,7.5,3850177005509,Kozmetika,2.25
Annyer Revital Šam. èiè./reg. SK2,6907214,0.3,300ml,Pakovanje,,2.25,7.5,3850177005158,Kozmetika,2.25
Annyer Revital Šam. èiè./reg. SK2,6907214,0.3,300ml,Pakovanje,,2.25,7.5,3850177005523,Kozmetika,2.25
Istarska panceta narezak,6907237,0.1,100g,Atmos-Pakiranje,Okusi zavièaja,2.99,29.9,4056489611783,Hrana,2.99
Emmentaler,6907249,0.7,700g,Vakumir. pakov.,,5.75,8.21,3859894087126,Hrana,5.75
'z bregov Protein puding karamela,6907262,0.18,180g,Posudica,,1.09,6.06,3850108040890,Hrana,1.09
"Pureæi zabatak, cca. 750g",6407800,1,ca. 750g,Atmos-Pakiranje,-,6.99,6.99,2894190000000,Hrana,6.99
Izotonièni napitak šumska jagoda,6408050,0.5,500ml,PET-Boca,Optisana Sports,0.89,1.78,4304493260283,Piæe,0.99
Goldenfood File paèjih prsa,6410893,1,"cca. 0,4-0,6kg",Vakumir. pakov.,,9.99,9.99,2898039000000,Hrana,9.99
Goldenfood File paèjih prsa,6410893,1,"cca. 0,4-0,6kg",Vakumir. pakov.,,9.99,9.99,5996383780665,Hrana,9.99
Tekuæi deterdžent Extra univerzalni,6415302,4,4000ml,Pakovanje,,5.99,1.5,4820196011415,Sredstva za èišæenje,5.99
Margarin,6507957,1,1000g,Pakovanje,Vita D'or,1.99,1.99,4056489072812,Hrana,1.99
Umak na azijski naèin SK4,6600131,0.25,250ml,Boca,Vitasia,1.99,7.96,20121440,Hrana,1.99
Mini sladoledni desert SK1,6601297,0.1,140ml,Plitica,Deluxe,1.22,8.71,20597849,Hrana,1.22
Amerièki sladoled SK16,6601570,0.43,"485ml,500ml",Posudica,Gelatelli,3.99,7.98,20396169,Hrana,3.99
Amerièki sladoled SK16,6601570,0.43,"485ml,500ml",Posudica,Gelatelli,3.99,8.23,20396183,Hrana,3.99
Amerièki sladoled SK16,6601570,0.43,"485ml,500ml",Posudica,Gelatelli,3.99,7.98,20559687,Hrana,3.99
Amerièki sladoled SK16,6601570,0.43,"485ml,500ml",Posudica,Gelatelli,3.99,8.23,20559694,Hrana,3.99
Amerièki sladoled SK16,6601570,0.43,"485ml,500ml",Posudica,Gelatelli,3.99,7.98,4056489220299,Hrana,3.99
Uskrsni kolaè maslac èokolada SK3,6602337,0.3,300g,Samost.vreca,Favorina,1.99,6.63,20347390,Hrana,1.99
Žele bomboni SK1,6603918,0.2,200g,Samost.vreca,Sweet Corner,1.61,8.05,20714703,Hrana,1.79
Majoneza u tubi,6610881,0.19,190ml,Tuba,Kania,1.39,7.32,4056489682325,Hrana,1.39
Premium sladoled SK1,6610962,0.423,500ml,Posudica,Gelatelli,3.99,7.98,4056489792574,Hrana,3.99
Premium sladoled SK1,6610962,0.423,500ml,Posudica,Gelatelli,3.99,7.98,4056489792598,Hrana,3.99
Èokoladni kolaèiæi s kikirikijem,6611369,0.15,150g,Pakovanje,Sondey,1.59,10.6,4056489794349,Hrana,1.59
Univerzalna krpa,6612435,0.1,4komad,Pakovanje,W5,1.99,0.5,4056489793809,Proizvodi za kuæanstvo,1.99
Kikiriki èokoladni draže SK1,6612902,0.2,200g,Pakovanje,Alesto,1.99,9.95,4335619041936,Hrana,1.99
Hrskavi muesli SK1,6700459,0.35,350g,Kart. na prekl.,Crownfield,1.85,5.29,20310615,Hrana,2.05
Valencia D.O. Semi Seco Blanco Jove,0146186,0.75,"0,75l",Boca,Viajero,3.49,4.65,4056489102458,Piæe,3.49
Razlièiti deserti SK11,0146235,0.5,500g,Pakovanje,Deluxe,3.79,7.58,4056489102694,Hrana,3.79
"Pink Gin 37,5% Vol.",0146765,0.72,"0,7l",Boca,Castelgy,7.99,11.41,4304493270046,Piæe,7.99
Barista Crema zrno RFA,0147436,1,1kg,Vrecica,Bellarom,17.99,17.99,4056489817765,Piæe,14.99
"Svježi filet lososa, cca.1kg",0148255,1,cca.1kg,Vakumir. pakov.,,13.99,13.99,2869227000000,Hrana,13.49
"Svježi filet lososa, cca.1kg",0148255,1,cca.1kg,Vakumir. pakov.,,13.99,13.99,2869228000000,Hrana,13.49
Mesnata slanina XXL,0142363,0.3,2x150g,Pakovanje,Dulano,2.49,8.3,4056489020615,Hrana,3.19
Jednokratni drv. pribor za jelo SK1,0142492,0.057,20komad,Kart. na prekl.,Grillmeister,0.99,0.05,4056489021247,Proizvodi za kuæanstvo,0.99
Bella Caffe DG Caffe Effi. Box Esp.,0142600,0.096,96g,Kart. na prekl.,Bellarom,3.79,39.48,20357924,Piæe,3.79
Bella Caffe DG Caffe Cortado UTZ,0142677,0.101,"100,8g ",Kart. na prekl.,Bellarom,3.79,37.6,8718657493350,Piæe,3.79
Žitarice SK2,0142679,0.5,500g,Vrecica,Campo Largo,1.19,2.38,4056489019473,Hrana,1.19
Èaj u piramida vreæicama UTZ SK36,0143058,0.036,"20x1,6g,20x2g",Kart. na prekl.,Lord Nelson,1.99,1.99,4056489024286,Piæe,1.99
Grickalice za pse premium SK4,0143111,0.1,100g,Vrecica,Orlando Pure Taste,2.99,29.9,4056489024699,Proizvodi za kuæanstvo,2.99
Papirnati tanjuri,0143122,0.19,10komad,Pakovanje,Grillmeister,1.99,0.2,4056489024743,Proizvodi za kuæanstvo,1.99
BO Milka Donut,0143246,0.056,56g,Rasuto,,0.69,12.32,4065698001544,Hrana,0.69
Pan. pil. innerfile Cornf. panada,6904316,1,ca.500g,Atmos-Posudica,Gourmet,9.25,9.25,2835161000000,Hrana,9.25
"Proviact tekuæi jogurt 1,0%",6904320,1,1kg,PET-Boca,Pilos,1.59,1.59,4304493260122,Hrana,1.59
BO Domaæa pogaèa,6904332,0.3,300g,Rasuto,,0.99,3.3,4052917232025,Hrana,0.99
Bohem kolaè,6904358,0.42,420g,Pakovanje,Okusi zavièaja,5.99,14.26,4056489074311,Hrana,5.99
Cedevita Fresh SK1,6904371,0.34,340ml,PET-Boca,,1.12,3.29,3850322013380,Piæe,1.12
"Svježe pile, cca. 2kg",6904372,1,ca. 2kg,Vrecica,,3.19,3.19,2146200000001,Hrana,3.19
"Dimljena šunka s kosti, cca. 6kg",6904437,1,ca. 6kg,Vakumir. pakov.,Pikok,4.89,4.89,2845190035863,Hrana,4.89
"Dimljena šunka s kosti, cca. 6kg",6904437,6,ca. 6kg,Vakumir. pakov.,Pikok,4.89,4.89,2845192000000,Hrana,4.89
"Dimljena šunka s kosti, cca. 6kg",6904437,6,ca. 6kg,Vakumir. pakov.,Pikok,4.89,4.89,2845195000000,Hrana,4.89
VGuard dezinfekcijski spray 2u1,6904439,0.1,100ml,PET-Boca,,1.89,18.9,3858891051949,Kozmetika,1.89
Karlovaèko Svijetlo pivo 5% ,6904468,2,2l,PET-Boca,,3.42,1.71,3850103902162,Piæe,3.62
Premium sladoled SK11,0133116,0.427,500ml,Posudica,Gelatelli,3.99,7.98,20091941,Hrana,3.99
Gumeni bomboni - voæni,0133244,0.3,300g,Vrecica,Sweet Corner,1.79,5.97,40879291,Hrana,1.79
Sladoled štapiæi,0133318,0.25,"6x51ml,6x53ml,6x50ml",Kart. na prekl.,Gelatelli,2.34,7.65,4056489814870,Hrana,Nije_bilo_u_prodaji_02.05.2025
Sladoled kornet bez glutena,0133323,0.3,4x125ml,Kart. na prekl.,Gelatelli,4.49,8.98,20632984,Hrana,4.49
Bio mlijeèna èokolada,0134426,0.1,100g,Tabla,Fairglobe,1.29,12.9,40896250,Hrana,1.29
Bio zobene pahuljice,0134634,0.5,500g,Pakovanje,Crownfield,0.99,1.98,40897677,Hrana,0.99
Chinois SK1,0134907,0.4,400g,Vrecica,Duc de Coeur,2.99,7.48,20712518,Hrana,2.99
Francuski èips SK25,0134947,0.2,200g,Vrecica,Duc de Coeur,1.39,6.95,20771126,Hrana,1.39
Njega za pranje beba SK5,0135048,0.511,500ml,PET-Boca,Lupilu,2.25,4.5,4056489233114,Kozmetika,2.25
Njegujuæe ulje za bebe,0135051,0.276,300ml,PET-Boca,Lupilu,2.69,8.97,4056489241850,Kozmetika,2.69
Zaštitna krema za bebe SK1  ,0135052,0.103,100ml,Tuba,Lupilu,2.25,22.5,20008888,Kozmetika,2.25
Zaštitna krema za bebe SK1  ,0135052,0.103,100ml,Tuba,Lupilu,2.25,22.5,4056489241812,Kozmetika,2.25
Händlmaier Slatki senf,0135119,0.335,335ml,Staklo,,2.39,7.13,41047231,Hrana,2.39
PPK Roštilj kobasica sa sirom i sl.,6906721,0.36,360g,Vakumir. pakov.,,3.15,8.75,3858881613959,Hrana,3.15
Ukrasna vreæica 32x26x12cm,6906786,0.08,1komad,Pakovanje,,1.45,1.45,3856023014183,Proizvodi za kuæanstvo,1.45
Det. za ruèno pranje posuða SK9,5525905,1.025,1l,PET-Boca,-,1.09,1.09,4056489811282,Sredstva za èišæenje,1.09
Sreds. za pranje posuða balsam SK1,5528497,0.51,500ml,PET-Boca,W5,0.99,1.98,4056489261094,Sredstva za èišæenje,0.99
"Crni èaj Selection SK1, 40x1,5g",5528847,0.073,"40x1,5g,40x2g",Kart. na prekl.,Lord Nelson,1.19,19.83,4056489261384,Piæe,1.19
"Crni èaj Selection SK1, 40x1,5g",5528847,0.073,"40x1,5g,40x2g",Kart. na prekl.,Lord Nelson,1.19,14.88,4056489261384,Piæe,1.19
"Instant napitak 3u1, 10x18g",5529662,0.18,180g,Vrecica,Bellarom,1.25,6.94,4056489586456,Piæe,1.49
Svježi sir,5532223,0.275,275g,Pakovanje,Pilos,2.39,8.69,4056489301806,Hrana,2.29
Svježi sir,5532223,0.275,275g,Pakovanje,Pilos,2.39,8.69,5902476010550,Hrana,2.29
Univ. bio. vl. maram. za èiš. SK1,5532381,0.476,80komad,Pakovanje,W5,1.99,0.02,4056489304241,Proizvodi za kuæanstvo,1.99
"Pureæi filet XXL, cca. 1-1,5 kg",5533555,1,"ca.1-1,5kg",Vakumir. pakov.,RZEZNIK,7.69,7.69,2835555000000,Hrana,7.75
"Pureæi filet XXL, cca. 1-1,5 kg",5533555,1,"ca.1-1,5kg",Vakumir. pakov.,RZEZNIK,7.69,7.69,2894252000000,Hrana,7.75
"Pureæi filet XXL, cca. 1-1,5 kg",5533555,1,"ca.1-1,5kg",Vakumir. pakov.,RZEZNIK,7.69,7.69,2894254000000,Hrana,7.75
"Pureæi filet XXL, cca. 1-1,5 kg",5533555,1,"ca.1-1,5kg",Vakumir. pakov.,RZEZNIK,7.69,7.69,2894257000000,Hrana,7.75
Micelarni losion SK5,5535713,0.4,400ml,PET-Boca,Cien,2.65,6.63,4056489586449,Kozmetika,2.65
BBQ umak SK1,5543409,0.354,"350g,355g,360g",PET-Boca,Grillmeister,1.89,5.4,4056489584599,Hrana,1.89
Svinjska potrbušina peèena,5545654,1,cca. 400g,Atmos-Posudica,Kuljanka,9.79,9.79,2848031000000,Hrana,9.79
Svinjska potrbušina peèena,5545654,1,cca. 400g,Atmos-Posudica,Kuljanka,9.79,9.79,2848032000000,Hrana,9.79
Svinjska potrbušina peèena,5545654,1,cca. 400g,Atmos-Posudica,Kuljanka,9.79,9.79,2848033000000,Hrana,9.79
Mlijeèna èokolada s nadjevom SK6,5545795,0.1,100g,Tabla,,1.29,12.9,5905858676283,Hrana,1.29
Roleski Bel.-taj. crveni umak SK1 ,5547064,0.315,"290g,340g",PET-Boca,,1.06,3.66,5901044028355,Hrana,1.06
Obiteljska pizza SK1,5547113,1,1kg,Pakovanje,Trattoria Alfredo,4.29,4.29,4335619007369,Hrana,4.29
BO Donut s punj. jag.,5547193,0.07,70g,Nepakirano,,0.69,9.86,4052917501367,Hrana,0.69
Škare za kosu- britvica,0430466,0.063,"1ST,1ZSE",Pakovanje,,3,3,4058143086975,Kozmetika,3
High protein jogurt SK1,0187248,0.4,400g,Posudica,Milbona,1.89,4.73,4056489814771,Hrana,1.89
Gyoza SK2,0188471,0.15,150g,Pakovanje,Vitasia,2.09,13.93,4056489826767,Hrana,2.09
Sapun za ruke Prem. Sizil. St. SK1,0188537,0.515,500ml,PET-Boca,Cien,1.99,3.98,4335619161153,Kozmetika,1.99
Muški gel za tuširanje Sommer SK2,0188610,0.412,400ml,Boca,Cien men,1.29,3.23,4056489482390,Kozmetika,1.29
Muški gel za tuširanje Sommer SK2,0188610,0.412,400ml,Boca,Cien men,1.29,3.23,4056489827092,Kozmetika,1.29
Muški gel za tuširanje Sommer SK2,0188610,0.412,400ml,Boca,Cien men,1.29,3.23,4056489833451,Kozmetika,1.29
Gotova jela XXL SK1,0189003,1,1000g,Vrecica,Culinea,4.49,4.49,4056489846468,Hrana,4.49
Gotova jela XXL SK1,0189003,1,1000g,Vrecica,Culinea,4.49,4.49,4056489846475,Hrana,4.49
Gotova jela XXL SK1,0189003,1,1000g,Vrecica,Culinea,4.49,4.49,4056489846482,Hrana,4.49
Mediteranski zaèini SK2,0189653,0.027,"16g,27g,28g,30g,35g",Staklo,Italiamo,1.59,99.38,20046378,Hrana,1.59
Mediteranski zaèini SK2,0189653,0.027,"16g,27g,28g,30g,35g",Staklo,Italiamo,1.59,99.38,20046392,Hrana,1.59
Mediteranski zaèini SK2,0189653,0.027,"16g,27g,28g,30g,35g",Staklo,Italiamo,1.59,56.79,20046392,Hrana,1.59
Bio Soja vrhnje za kuhanje,0190358,0.2,200ml,Pakovanje,Vemondo,0.99,4.95,4056489695424,Hrana,0.99
Fruit King Pripravak od svj. sira,0191437,0.3,6x50g,Posudica,Milbona,0.79,2.63,4056489857136,Hrana,1.05
Šeæerna dekoracija Uskrs SK33,0192649,0.027,"11g,12g,16g,25g,4x25g",Kart. na prekl.,Belbake,1.99,180.91,4056489442264,Hrana,1.99
Šeæerna dekoracija Uskrs SK33,0192649,0.027,"11g,12g,16g,25g,4x25g",Kart. na prekl.,Belbake,1.99,165.83,4056489865711,Hrana,1.99
Peterostruka brit. x5+2 nadop.,0193290,0.031,1komad,Kart. na prekl.,Cien,4.99,4.99,4056489873990,Kozmetika,4.99
Mekani sir s punjenjem SK10,0193570,0.188,"180g,195g",Pakovanje,Deluxe,2.69,14.94,20276492,Hrana,2.69
Pribor za manikuru-pedikuru,0418625,0.034,"2ST,1ST",Pakovanje,Cien,3,3,4055334936569,Kozmetika,3
Sanitas Èetka za èišæenje lica,0454239,0.1,1ST,Pakovanje,,10,10,4211125853617,Kozmetika,10
Univerzalna krpa od mikrovla. SK10,0085302,0.063,"2komad,3komad",Kart. na prekl.,W5,2.35,0.78,20431839,Proizvodi za kuæanstvo,2.35
Univerzalna krpa od mikrovla. SK10,0085302,0.063,"2komad,3komad",Kart. na prekl.,W5,2.35,0.78,20431853,Proizvodi za kuæanstvo,2.35
Univerzalna krpa od mikrovla. SK10,0085302,0.063,"2komad,3komad",Kart. na prekl.,W5,2.35,0.78,4056489754459,Proizvodi za kuæanstvo,2.35
Oral-B Elektrièna èetkica za zube,0435874,0.242,1ST,Pakovanje,,10,10,4210201199472,Kozmetika,10
Oral-B Elektrièna èetkica za zube,0435874,0.242,1ST,Pakovanje,,10,10,4210201200758,Kozmetika,10
Pribor za manikuru,0435991,0.018,1ST,Pakovanje,Cien BEAUTY,0.5,0.5,4335633000254,Kozmetika,0.5
Anser Gušèja mast,6907879,0.15,150g,Staklo,,4.99,33.27,3858893230113,Hrana,4.99
Zvijezda Tartar umak,6907922,0.26,260g,Staklo,,1.99,7.65,3856015328441,Hrana,1.99
Margo Nova Margarin 50%,6907925,0.4,400g,Posudica,,1.99,4.98,3856015327253,Hrana,1.99
Prime Napitak Tropical Punch,6907947,0.53,"0,5l",PET-Boca,,2.19,4.38,850003560717,Piæe,2.19
Dolcela Vanilin šeæer,6907959,0.048,6x8g,Vrecica,,0.99,0.99,3856020258726,Hrana,0.99
BO Burek s mesom,6907962,0.21,210g,Rasuto,,1.49,7.1,3858894942855,Hrana,1.49
BO Burek s mesom,6907962,0.21,210g,Rasuto,,1.49,7.1,4052917882848,Hrana,1.49
"PP Svježe ""Meðimursko"" mar. pile",6907974,1,"ca. 1,6kg",Pakovanje,,3.69,3.69,2114381000000,Hrana,3.69
Podravka Bronho èaj,6907982,0.04,40g,Kart. na prekl.,,1.99,1.99,3856020252960,Piæe,1.99
Podravka San èaj,6907984,0.04,40g,Kart. na prekl.,,1.99,1.99,3850104301278,Piæe,1.99
Podravka Èaj Imuno,6907985,0.05,50g,Kart. na prekl.,,1.99,39.8,3838700168181,Piæe,1.99
Spirits of Croatia Voæ. lik. od du.,6907990,0.5,"0,5l",Boca,,7.49,14.98,3858894860074,Piæe,7.49
Èaj od mente 50% RFA,6908004,0.056,"25x2,25g",Kart. na prekl.,Lord Nelson,1.29,22.93,4056489925262,Piæe,1.29
Dolcela Fritule,6908077,0.25,250g,Pakovanje,,1.99,7.96,3856020246563,Hrana,1.99
Parodontax Pasta za zube SK2,6908139,0.075,75ml,Tuba,,5.55,74,5054563950055,Kozmetika,5.55
Sauvignon Blanc Selection,6908190,0.75,"0,75l",Boca,,6.99,9.32,3859891991853,Piæe,6.99
Sensodyne Pasta za zube Flourid ,6908199,0.15,2x75ml,Tuba,,3.99,26.6,5054563078124,Kozmetika,4.99
Paradontax Pasta za zube Ultra Cle.,6908200,0.15,2x75ml,Tuba,,5.49,36.6,5054563158789,Kozmetika,5.49
Lino Lada Namaz Duo,6908204,0.5,500g,Kanta,,3.79,7.58,3856020241636,Hrana,3.79
The Garden Brewery East Cost IPA,6908211,0.33,"0,33l",Limenka,,1.29,3.91,3858893812135,Piæe,1.29
Kruška 1kg,0080281,1,1kg,Pakovanje,,1.99,1.99,20241926,Hrana,2.19
Nektarina 500g,0080385,0.5,500g,Pakovanje,,2.39,4.78,20247768,Hrana,1.89
"Grožðe bijelo 500g, bez koštica",0080505,0.5,500g,Pakovanje,,2.19,4.38,4049107050552,Hrana,2.19
Domaæa jagoda 500g,0080810,0.5,500g,Pakovanje,,2.79,5.58,20503390,Hrana,2.99
Borovnica 125g,0080820,0.125,125g,Pakovanje,,1.49,11.92,7751262001566,Hrana,1.49
Malina 125g,0080835,0.125,125g,Pakovanje,,1.19,9.52,8717496041425,Hrana,2.29
Bio jagoda,0081680,0.25,250g,Pakovanje,,2.49,9.96,20240189,Hrana,2.49
Bio malina,0081690,0.125,125g,Pakovanje,,2.79,22.32,20240202,Hrana,2.99
Salata Iceberg,0082031,0.366,1komad,Rasuto,,0.89,0.89,3859889267724,Hrana,1.39
Mini krastavac 250g,0082241,0.25,250g,Pakovanje,,1.79,7.16,20507572,Hrana,1.79
Šparoga zelena 300g,0082299,0.3,300g,Pakovanje,,3.99,13.3,3859893269028,Hrana,3.99
Povræe za juhu,0082332,0.5,500g,Pakovanje,,1.29,2.58,20266370,Hrana,1.29
Rajèica mini grappolo 300g,0082387,0.3,300g,Pakovanje,,2.29,7.63,20197100,Hrana,2.29
Paprika ljuta mix 100g,0082660,0.1,100g,Pakovanje,,1.29,12.9,20458560,Hrana,1.29
Spužvica za šminku,0441136,0.008,1ST,Pakovanje,Cien BEAUTY,0.5,0.5,4335633057906,Kozmetika,0.5
Rolana panceta,5206547,0.18,180g,Atmos-Pakiranje,Deluxe,3.49,19.39,20889449,Hrana,3.49
"Dimljena sušena slanina, 240g",5217319,0.24,240g,Atmos-Pakiranje,MCENNEDY,3.89,16.21,20676711,Hrana,3.89
Proteinski Cheddar sir,5227825,0.16,160g,Pakovanje,Milbona,2.55,15.94,4056489851868,Hrana,Nije_bilo_u_prodaji_02.05.2025
Irish Gin 40%,5302814,0.7,700ml,Boca,,10.49,14.99,4335619162730,Piæe,10.49
"Hamburger umak, 250ml",5500221,0.25,250g,PET-Boca,Grill&Fun,1.99,7.96,20545215,Hrana,1.99
Voæni èaj SK6,5500270,0.047,"20x2,1g,20x2,4g,20x2,5g",Kart. na prekl.,Lord Nelson,1.39,1.39,20498160,Piæe,1.39
Bezalkoholno pivo,5500806,0.5,"0,5l",Limenka,Argus,0.59,1.18,4304493257146,Piæe,0.59
Svježi filet pileæih prsa,6907295,1,ca. 1kg,Vakumir. pakov.,,5.65,5.65,2895144000000,Hrana,5.25
Svježi filet pileæih prsa,6907295,1,ca. 1kg,Vakumir. pakov.,,5.65,5.65,2895147000000,Hrana,5.25
"Cedevita Bomboni XXL, SK1",6907321,0.06,60g,Pakovanje,,1.69,28.17,3850322016442,Hrana,1.69
Ledo Špinat pasirani,6907368,0.4,400g,Kart. na prekl.,,1.49,3.73,3850116053257,Hrana,1.49
Juneæi burger,6907396,0.4,400g,Atmos-Posudica,Naša mesnica,4.29,10.73,4056489611813,Hrana,4.29
Illy Kava Moka,6907406,0.25,250g,Limenka,,6.99,27.96,8003753915050,Piæe,6.99
Podravka Švicarska juha,6907452,0.054,54g,Vrecica,,1.39,25.74,3850104007385,Hrana,1.39
Lasta Krem štapiæi kokos,6907456,0.2,200g,Pakovanje,,1.85,9.25,3870128035669,Hrana,1.85
Stella Artois svijetlo pivo 5%,6907461,1.32,"4x0,33l",Limenka,,5.39,4.08,3850131006023,Piæe,5.39
Cedevita Vitaminska voda nar/papaja,6907495,0.5,"0,5l",PET-Boca,,1.05,2.1,3850322016220,Piæe,1.05
Tekuæi jogurt jagoda,6907496,1,1kg,PET-Boca,Pilos,1.89,1.89,4056489612322,Hrana,1.89
z bregov Mileram 22% m.m.,6907504,0.4,400g,Kanta,,2.39,5.98,3850108036442,Hrana,2.39
"Staroèeško Svijetlo pivo 4,8%",6907528,3,"6x0,5l",Limenka,,5.89,1.96,3859893750366,Piæe,5.89
Kulenova seka,6907532,0.3,300g,Atmos-Pakiranje,Okusi zavièaja,4.79,15.97,4056489612438,Hrana,4.79
"Cromaris Zubatac, ca. 900g",6907560,1,ca. 900g,Atmos-Pakiranje,,21.99,21.99,2128028000000,Hrana,21.99
Saltas Slani štapiæi s kikirikijem,6907567,0.16,4x40g,Vrecica,,1.59,9.94,3856014114205,Hrana,1.79
Sanitar Sredstvo za èišæenje XXL,6907575,1.285,1250ml,Boca,,2.49,1.99,3850111505669,Sredstva za èišæenje,2.49
Craft Gorska Kobasica,6907581,0.32,320g,Vakumir. pakov.,Okusi zavièaja,4.49,14.03,4056489925088,Hrana,4.49
Pureæe pljeskavice sa sirom,6907592,0.4,400g,Atmos-Pakiranje,Naša mesnica,3.79,9.48,4056489611981,Hrana,3.79
Pivac Šunka za pizzu,6907596,0.8,800g,Vakumir. pakov.,,3.99,4.99,3858884997728,Hrana,3.99
Integralno brašno,6907612,1,1kg,Pakovanje,Belbake,0.99,0.99,4056489925101,Hrana,0.99
Pure Milk maslac 82%,6907619,0.2,200g,Pakovanje,,1.59,7.95,5998200570308,Hrana,1.59
Dimljena šunka,6907669,0.15,150g,Atmos-Pakiranje,Pikok,2.39,15.93,4056489925279,Hrana,2.39
Champion Edition Èips Chilli,6907691,0.25,250g,Vrecica,Champion Edition,1.19,4.76,4056489925224,Hrana,1.19
Medni sufle SK2,6907716,0.2,200g,Staklo,,3.25,16.25,0792649827949,Hrana,3.25
Medni sufle SK2,6907716,0.2,200g,Staklo,,3.25,16.25,0796554964676,Hrana,3.25
Goveða peèenica,6907752,0.1,100g,Atmos-Pakiranje,Deluxe,2.79,27.9,4056489925255,Hrana,2.79
Melli Aromatica Eko osvježivaè pro.,6907809,0.283,250ml,PET-Boca,,4.79,19.16,3857500114570,Sredstva za èišæenje,4.79
Braèki melem s pèel. proiz. SK1,6907826,0.03,30ml,Pakovanje,,3.99,133,0792649585399,Kozmetika,3.99
Donat Mg gazirana mineralna voda,6907848,3,"6x0,5l",PET-Boca,,7.29,2.43,3838471041874,Piæe,7.29
Vindija Puding vanilija,6901017,0.125,125g,Posudica,,0.65,5.2,38500022,Hrana,0.65
Jägermeister biljni liker 35%,6901090,0.7,"0,7l",Boca,,16.99,24.27,4067700015020,Piæe,16.49
"Jaja podni uzgoj, razred M, 10 kom.",6901107,0.58,10komad,Pakovanje,Okusi zavièaja,2.39,0.24,4056489317067,Hrana,2.49
"Jaja podni uzgoj, razred M, 10 kom.",6901107,0.58,10komad,Pakovanje,Okusi zavièaja,2.39,0.24,4056489317074,Hrana,2.49
Nivea Soft krema,6901143,0.2,200ml,Kozm.posudica,,6.29,31.45,4005808758968,Kozmetika,6.29
Nivea Body Milk SK2,6901147,0.25,250ml,Boca,,4.89,19.56,4005808246175,Kozmetika,4.89
Takovo Eurocrem namaz,6901162,0.2,200g,Pakovanje,,1.49,7.45,8601900503596,Hrana,1.49
Tekuæi jogurt jagoda-vanilija,6901217,1,1kg,PET-Boca,Pilos,1.99,1.99,4304493259867,Hrana,1.99
Tuš za oèi SK3 ,0120329,0.006,1komad,Pakovanje,Cien Beauty,2.35,2.35,20066499,Kozmetika,2.35
Apr?s Sun Aloe Vera&Intensiv.SK1,0120742,0.253,250ml,PET-Boca,Cien Sun,2.99,11.96,4056489601760,Kozmetika,2.99
BO Lisnato sir-šunka,0120955,0.1,90g,Rasuto,,0.55,6.11,20786540,Hrana,0.55
Fix za Carbonaru,0121222,0.029,29g,Vrecica,Kania,0.69,0.69,20800147,Hrana,0.69
Sladoled štapiæ bijela èok.-badem,0121510,0.504,6x120ml,Kart. na prekl.,Bon Gelati,5.49,7.63,20805463,Hrana,5.49
Kobasica SK2,0121534,0.168,"150g,180g",Vakumir. pakov.,Grillmeister,1.49,9.93,20805371,Hrana,1.49
Alkalna baterija AAA,0121965,0.115,10komad,Pakovanje,Tronic,2.25,0.23,4056489722854,Proizvodi za kuæanstvo,2.25
Sušilo za kosu,0449212,0.646,1ST,Pakovanje,Silvercrest Personal Care,10,10,4335633018051,Kozmetika,10
"Deterdž. za rublje 3u1 kapsule, SK1",0179547,0.539,22komad,Box,Formil,5.79,0.26,4056489694151,Sredstva za èišæenje,5.79
Cantuccini XXL SK4,0179716,0.5,500g,Vrecica,Italiamo,2.99,5.98,4056489697381,Hrana,2.99
Èok. bomboni s mlij. punjenjem SK1,0179726,0.2,200g,Vrecica,Mister Choc,3.49,17.45,4056489697428,Hrana,3.49
Zlatni i srebrni listiæi SK1,0180015,0.001,3komad,Kart. na prekl.,Belbake,2.99,1,4056489704034,Hrana,2.99
Tvrdi bomboni SK1,0180452,0.095,"80g, 100g",Vrecica,Amanie,1.09,13.63,4056489713333,Hrana,1.09
Tvrdi bomboni SK1,0180452,0.095,"80g, 100g",Vrecica,Amanie,1.09,13.63,4056489713357,Hrana,1.09
"Ulošci s Aloe Vera, SK1",0180483,0.167,"20komad,24komad,28komad",Pakovanje,Siempre,2.09,0.1,4056489726333,Proizvodi za kuæanstvo,2.09
Hrana za maèke XXL SK2,0180681,2.4,24x100g,Kart. na prekl.,Coshida,6.99,2.91,20262693,Proizvodi za kuæanstvo,6.99
Fitness Bowl SK1,0181184,0.4,400g,Plitica,Culinea,2.89,7.23,4056489723264,Hrana,2.89
Poslastice za pse SK15,0181760,0.2,200g,Vrecica,Orlando,2.99,14.95,4056489593201,Proizvodi za kuæanstvo,2.99
Univerzalno sred. za èišæenje SK1,0182565,1,1l,PET-Boca,W5,1.69,1.69,4056489733959,Sredstva za èišæenje,1.69
High Protein Mousse sa zaslað. SK2,0184078,0.175,175g,Posudica,Milbona,1.19,6.8,4056489724070,Hrana,1.19
High Protein Mousse sa zaslað. SK2,0184078,0.175,175g,Posudica,Milbona,1.19,6.8,4056489759096,Hrana,1.19
Prženi luk,0184154,0.1,100g,Posudica,MCENNEDY,1.49,14.9,4056489762416,Hrana,1.49
Kotanyi Secrets SK4,0184462,0.035,"25g,30g,35g,38g,40g",Vrecica,,0.79,0.79,9001414134610,Hrana,0.79
Kotanyi Secrets SK4,0184462,0.035,"25g,30g,35g,38g,40g",Vrecica,,0.79,0.79,9001414418130,Hrana,0.79
Marinirani kukuruz klip SK1,0185316,0.42,420g,Vakumir. pakov.,Grillmeister,2.69,6.4,4056489787341,Hrana,2.69
Sladoled Jaffa,0185499,0.93,1650ml,Plitica,Gelatelli,4.29,2.6,4056489298496,Hrana,4.29
Mlijeèni desert Tripple Chocolate,0185716,0.522,900ml,Plitica,Bon Gelati,3.99,4.43,4056489788966,Hrana,3.99
Instant kava Royal XXL,0186197,0.3,300g,Staklo,Bellarom,8.49,28.3,4056489798361,Piæe,8.49
Pinot Grigio Italien Premium ,0186771,0.75,"0,75l",Boca,GIULIO PASOTTI,4.49,5.99,4056489786221,Piæe,4.49
Set kozmetièkih kistova u torbici,0436013,0.173,1ZSE,Pakovanje,Cien BEAUTY,3,3,4335633000292,Kozmetika,3
Svježi sok od naranèe bez pulpe,0165943,1.05,1l,PET-Boca,Solevita,3.39,3.39,4304493268869,Hrana,3.29
Juha na talijanski naèin SK2,0167235,0.4,400ml,Limenka,Italiamo,1.39,3.48,20450229,Hrana,1.39
Wrap punjenje SK1,0167261,0.4,400g,Limenka,El Tequito,2.69,6.73,4056489290827,Hrana,2.69
Jogurt Natur SK1,0168038,0.15,150g,Posudica,Pilos,0.55,3.67,4056489516071,Hrana,0.55
Craft pivo SK19,0168115,0.5,"0,5l",Limenka,-,1.39,2.78,4054500140335,Piæe,1.29
Mesni sir XXL SK1,0168204,0.492,"450g,500g",Atmos-Pakiranje,Dulano,3.99,8.87,4056489520290,Hrana,3.99
Onion Rings,0168305,0.45,450g,Vrecica,Let's have a party!,1.89,4.2,4056489920472,Hrana,1.89
Krekeri,0129376,0.1,100g,Pakovanje,Snack Day,0.69,6.9,20940690,Hrana,0.69
Mozzarella ribana,0129674,0.25,250g,Vrecica,Milbona,2.65,10.6,4056489927129,Hrana,2.65
Hrana za maèke  SK2,0129743,0.415,415g,Limenka,Sweet Cat,0.75,1.81,20942526,Proizvodi za kuæanstvo,0.75
Grill sir SK2,0129767,0.2,200g,Pakovanje,Grillmeister,2.19,10.95,4056489202608,Hrana,2.19
Aloe Vera napitak Mango,0129805,0.5,500ml,PET-Boca,Vitasia,0.99,1.98,4056489957898,Piæe,0.73
KAL Merlot,0129929,0.75,"0,75l",Boca,Cimarosa,3.99,5.32,4304493263543,Piæe,3.99
Claudel/Istara Sirni specijaliteti,0130333,0.195,"150g,200g,220g",Pakovanje,,2.99,13.59,3228021150185,Hrana,2.99
Pivska kobasica,0130412,0.34,340g,Vakumir. pakov.,Alpenfest,3.29,9.68,20954574,Hrana,3.29
Sladoled bourbon vanilija,0130549,1.25,2500ml,Plitica,Bon Gelati,4.75,1.9,20810382,Hrana,4.75
Podloga za prematanje,0130998,0.5,10komad,Vrecica,Lupilu,3.19,0.32,4056489905059,Proizvodi za kuæanstvo,3.19
Djeèje pelene za novoroðenèe,0131112,0.48,24komad,Pakovanje,Lupilu,3.05,0.13,20979003,Proizvodi za kuæanstvo,3.05
Djeèje pelene za novoroðenèe,0131112,0.48,24komad,Pakovanje,Lupilu,3.05,0.13,4056489122999,Proizvodi za kuæanstvo,3.05
"'z bregov Kefir 3,5% m.m.",6903406,1,1kg,PET-Boca,,2.52,2.52,3850108030532,Hrana,2.52
"Šokaèka kobasica, narezak",6903464,0.1,100g,Atmos-Pakiranje,Okusi zavièaja,1.89,18.9,20251673,Hrana,1.89
Multivita Direct SK5,6903521,0.03,"30g,37,5g",Sortirano,,4.59,4.59,3856016810211,Hrana,4.59
Multivita Direct SK5,6903521,0.03,"30g,37,5g",Sortirano,,4.59,4.59,3858881248502,Hrana,4.59
"Sred. za èišæ. roštilj., nap. i peæ",6903548,0.527,500ml,PET-Boca,Grill & Chill,1.59,3.18,4056489073406,Sredstva za èišæenje,1.59
Duracell Basic K5 SK2,6903598,0.095,5komad,Pakovanje,,6.49,1.3,5000394090019,Proizvodi za kuæanstvo,6.49
Nivea Sun P&M hidra. Trigger ZF30,6903612,0.3,300ml,PET-Boca,,9.95,33.17,4005900118158,Kozmetika,9.95
Nivea Sun P&M hidra. Trigger ZF30,6903612,0.3,300ml,PET-Boca,,9.95,33.17,4005900826121,Kozmetika,9.95
"BO Meksièka rolica, 110g",6903630,0.11,110g,Rasuto,,0.99,9,3859890733904,Hrana,0.99
Margarin za kuhanje i peèenje 60%,6903668,0.25,250g,Stanga,Vita D'or,0.75,3,20250836,Hrana,0.75
Sladoled u kornetu - èokolada,0001057,0.07,120ml,Pakovanje,Ballino,0.59,4.92,4056489799115,Hrana,0.59
Sanitas Ureðaj za èišæenje lica,0417284,0.138,1ST,Pakovanje,,7,7,4211125609764,Kozmetika,7
Napitak od voæa s kolagenom,0207137,0.776,"0,75l",PET-Boca,Solevita,2.29,3.05,4304493270572,Hrana,2.29
Tekuæi deterdžent 44pr. SK4,0207266,2.237,"2,2l",PET-Boca,Formil,4.89,2.22,4056489915348,Sredstva za èišæenje,4.89
Smoothie na štapiæu SK2,0207705,0.21,210g,Kart. na prekl.,Vemondo,2.99,14.24,4335619030350,Hrana,2.99
"Vodka 17,5% SK1",0208355,0.682,"0,7l",Boca,Rachmaninoff,4.29,6.13,4304493270916,Piæe,4.29
Himalajska sol,0208837,0.1,100g,Staklo,Kania,1.85,18.5,4335619044333,Hrana,1.85
Tortilla èips SK15,0209460,0.2,200g,Vrecica,Snack Day,1.09,5.45,4335619046290,Hrana,1.09
Prutiæi za pse SK6,0209887,0.176,16x11g,Pakovanje,Orlando,2.19,12.44,4056489915201,Proizvodi za kuæanstvo,2.29
Prutiæi za pse SK6,0209887,0.176,16x11g,Pakovanje,Orlando,2.19,12.44,4056489915225,Proizvodi za kuæanstvo,2.29
Njega lica SK1,0210714,0.118,"125ml,30ml,50ml",Sortirano,Cien,2.09,16.72,4335619061743,Kozmetika,2.09
"Käsewelt gouda, cca.3kg",0211915,1,ca. 3kg,Pakovanje,,5.99,5.99,2802210000000,Hrana,5.99
"Käsewelt gouda, cca.3kg",0211915,1,ca. 3kg,Pakovanje,,5.99,5.99,2802211000000,Hrana,5.99
"Käsewelt gouda, cca.3kg",0211915,1,ca. 3kg,Pakovanje,,5.99,5.99,2802211034250,Hrana,5.99
Pizza 4 vrste sira XXL,0212112,1.02,3x340g,Kart. na prekl.,Trattoria Alfredo,6.49,6.36,4335619077270,Hrana,6.49
"Keksi s kremom od vanilije, Vegan",0213211,0.5,500g,Pakovanje,Sondey,1.99,3.98,4335619082953,Hrana,1.99
Salama s parmezanom SK1,0213334,0.06,60g,Atmos-Pakiranje,Deluxe,1.79,29.83,4335619083240,Hrana,1.79
BO Kruh sa smokvom i orahom,0214073,0.37,350g,Rasuto,,1.69,4.83,4335619088436,Hrana,1.69
Ribani sir Cheddar i Mozzarella,0214376,0.2,200g,Vrecica,MCENNEDY,2.69,13.45,4335619092563,Hrana,2.69
Premium voæni namaz SK2,0214377,0.42,420g,Staklo,Maribel,2.79,6.64,4056489955184,Hrana,2.79
Smjesa za kremu od maslaca,0214941,0.14,140g,Kart. na prekl.,Belbake,1.49,10.64,4335619096042,Hrana,1.49
Tablete za pranje posuða,0215014,1.02,60x17g,Pakovanje,W5,6.99,6.85,4335619096585,Sredstva za èišæenje,6.99
Pelene Midi pakiranje 3 mjeseca,0215129,4.54,184komad,Pakovanje,Lupilu,19.49,0.11,4335619099937,Proizvodi za kuæanstvo,19.49
Premium salama SK6,0215152,0.1,100g,Atmos-Pakiranje,Deluxe,1.99,19.9,20331146,Hrana,1.99
"SweetLife Erythr. / Stev. (0,2%) ",0215179,0.5,500g,Vrecica,,3.49,6.98,7640122996367,Hrana,3.49
Cola,0215316,0.518,"0,5l",PET-Boca,Freeway,0.75,1.5,4056489527855,Piæe,0.75
Veganski njoki SK1,0215733,0.5,"400g,600g",Vrecica,Vemondo,1.29,3225,4056489706311,Hrana,1.29
Štapiæi za dentalnu njegu pasa SK1,0216941,0.27,270g,Vrecica,Orlando,1.49,5.52,4335619110298,Proizvodi za kuæanstvo,1.49
Violeta Baby pelene Junior+ 6,6908224,3.59,96komad,Pakovanje,,19.99,0.21,3870128033054,Proizvodi za kuæanstvo,19.99
"Tekuæi jogurt 0,5%",6908236,1,1kg,PET-Boca,Pilos,1.39,1.39,4056489926238,Hrana,1.39
"Zimska salama, narezak",6908251,0.3,300g,Atmos-Pakiranje,Pikok,3.99,13.3,4056489925804,Hrana,3.99
Nivea Gel za tuširanje SK1,6908301,0.512,500ml,PET-Boca,,5.99,11.98,4005900047700,Kozmetika,4.49
Nivea Body Milk SK1,6908305,0.39,400ml,PET-Boca,,6.65,16.63,4005808237029,Kozmetika,6.65
Nivea Dezodorans SK1,6908316,0.155,250ml,Limenka,,6.29,25.16,4005808730704,Kozmetika,6.29
Nivea Dezodorans SK1,6908316,0.155,250ml,Limenka,,6.29,25.16,4005808730735,Kozmetika,6.29
Kraš Èajni kolutiæi,6908322,0.8,800g,Pakovanje,,2.99,3.74,3850120700079,Hrana,2.99
Tata Mata Pileæa grill kobasica,6908332,0.5,500g,Vakumir. pakov.,,3.29,6.58,3858890933185,Hrana,3.29
Tata Mata Pileæa kranjska kobasica,6908333,0.5,500g,Vakumir. pakov.,,2.95,5.9,3858890933208,Hrana,2.95
Starbucks Caramel Macchiato,6908334,0.22,220ml,Posudica,,1.99,9.05,5711953166389,Hrana,1.99
Sorger Salama obložena paprom,6908349,0.075,75g,Vakumir. pakov.,,1.99,26.53,9002055002399,Hrana,1.99
Ricola SK1,6908383,0.04,40g,Pakovanje,,1.59,1.59,7610700622438,Hrana,1.59
Kajzerice 5x50g,6908386,0.25,5x50g,Rasuto,Tastino,0.65,2.6,3850135242731,Hrana,0.65
Biskvit SK2,6908413,0.2,200g,Vrecica,Sondey,1.19,5.95,4056489926092,Hrana,1.19
Pivac Grill kobasica sa sirom,6908437,0.36,360g,Vakumir. pakov.,,4.49,12.47,3858884999296,Hrana,4.49
TOCO jabuka rabarbara,6908446,1.528,"1,5l",PET-Boca,,1.33,0.89,3856028501060,Piæe,1.33
Maggi Pileæa juha,6908489,0.2,4x50g,Pakovanje,,2.49,12.45,8445291517585,Hrana,2.49
Tena suncokretovo ulje,6908493,0.92,1l,Boca,,1.39,1.39,3850171710010,Hrana,1.49
Evropa èokoladne bananice,6908542,0.544,544g,Kart. na prekl.,,3.99,7.33,5310002154430,Hrana,3.99
Vinceto alkoholni ocat 9%,6908567,1,1l,PET-Boca,,0.69,0.69,3850164243587,Hrana,0.69
Mini èokoladice,0098620,0.35,350g,Vrecica,Mister Choc,3.59,10.26,4056489928416,Hrana,3.59
Losion za tijelo SK7,0098716,0.412,400ml,PET-Boca,Cien,2.39,5.98,4056489309048,Kozmetika,2.39
Losion za tijelo SK7,0098716,0.412,400ml,PET-Boca,Cien,2.39,5.98,4056489375579,Kozmetika,2.39
Maska za lice 2x8ml SK2,0098722,0.017,1komad,Pakovanje,Cien,0.59,0.59,20516512,Kozmetika,0.59
Gillette Blue3 Jed.brit. 9+3gratis,0000534,0.134,12komad,Pakovanje,,13.45,1.12,8700216148092,Kozmetika,13.45
Always Ultra Quattro ulošci SK,0000536,0.165,"40komad,24komad,28komad,20komad",Pakovanje,,4.99,0.25,4015400489764,Proizvodi za kuæanstvo,4.99
Always Ultra Quattro ulošci SK,0000536,0.165,"40komad,24komad,28komad,20komad",Pakovanje,,4.99,0.12,8006540093764,Proizvodi za kuæanstvo,4.99
Always Ultra Quattro ulošci SK,0000536,0.165,"40komad,24komad,28komad,20komad",Pakovanje,,4.99,0.18,8006540211380,Proizvodi za kuæanstvo,4.99
Always Ultra Quattro ulošci SK,0000536,0.165,"40komad,24komad,28komad,20komad",Pakovanje,,4.99,0.12,8006540211380,Proizvodi za kuæanstvo,4.99
Always Dailies Dnevni ulošci SK,0000537,0.123,"52komad,44komad,58komad",Pakovanje,,2.99,0.06,4015400565574,Proizvodi za kuæanstvo,2.99
Always Dailies Dnevni ulošci SK,0000537,0.123,"52komad,44komad,58komad",Pakovanje,,2.99,0.05,8006540791394,Proizvodi za kuæanstvo,2.99
Naturella Ultra ulošci SK,0000538,0.148,"40komad,32komad,28komad",Pakovanje,,4.79,0.17,8006540399521,Proizvodi za kuæanstvo,4.79
Jar Deterdžent za posuðe limun,0000541,0.916,900ml,Boca,,4.15,4.61,4015400795193,Sredstva za èišæenje,4.65
Felix Party Mix Poslastice za maèke,0000550,0.06,60g,Samost.vreca,Nestlé,1.49,24.83,3858890176919,Proizvodi za kuæanstvo,1.49
Felix Party Mix Pos. za maèke grill,0000551,0.06,60g,Samost.vreca,Nestlé,1.49,24.83,3858890176957,Proizvodi za kuæanstvo,1.49
Syoss šampon Color,0000577,0.77,750ml,PET-Boca,Henkel,6.45,8.6,5201143149259,Kozmetika,6.45
Belvita Breakfast èok. keks s žita.,0000578,0.225,225g,Pakovanje,,1.59,7.07,7622210899316,Hrana,1.59
Syoss Šampon Anti-dandruf,0000603,0.77,750ml,PET-Boca,,6.45,8.6,9000101743616,Kozmetika,6.45
Lenor mirisne perlice Fresh,0000654,0.287,285g,PET-Boca,,6.35,22.28,8001841006741,Sredstva za èišæenje,6.35
"Ariel tekuæi deterdžent Color, 64pr",0000668,3.35,"3,2l",PET-Boca,,17.99,5.62,8006540878927,Sredstva za èišæenje,17.99
Haribo gumeni bomboni Mega Roulette,0000699,0.045,45g,Pakovanje,,0.69,15.33,4001686372586,Hrana,0.69
Haribo gumeni bomboni Zlatni medo,0000700,0.2,200g,Vrecica,,2.45,12.25,9002975301268,Hrana,2.45
Fa Gel za tuširanje SK4,0000719,0.77,750ml,PET-Boca,Henkel,4.99,6.65,9000101609394,Kozmetika,4.99
Schauma šampon SK2,0000720,0.77,750ml,Dozator,Henkel,6.99,9.32,9000101681307,Kozmetika,6.99
Gliss šampon Oil Nutritive,0000732,0.259,250ml,PET-Boca,Henkel,2.39,9.56,9000100398435,Kozmetika,2.39
Perwoll Tekuæi det. Black 40 pranja,0000761,2.058,2l,PET-Boca,,8.95,4.48,9000101808445,Sredstva za èišæenje,8.95
Barilla Pesto Classic Pistacchio,0000859,0.19,190g,Staklo,,2.75,14.47,8076809581868,Hrana,2.35
"Filet lososa s kožom, cca. 200-400g",0124551,1,ca. 200-400g,Pakovanje,-,19.99,19.99,2895634000000,Hrana,19.99
"Filet lososa s kožom, cca. 200-400g",0124551,1,ca. 200-400g,Pakovanje,-,19.99,19.99,2895639000000,Hrana,19.99
"Pšenièno pivo 5,5%",0125033,4.026,"6x0,5l",Boca,Perlenbacher,6.09,2.03,20916664,Piæe,6.09
"Cimet, mljeveni 45g",0125217,0.045,45g,Staklo,Kania,0.99,0.99,4056489167907,Hrana,0.99
Punj. èokoladni štap. lješ.-krispi,0125362,0.2,200g,Kart. na prekl.,Mister Choc,2.99,14.95,20867966,Hrana,2.99
Èips SK2,0125540,0.2,200g,Vrecica,Eridanous,1.69,8.45,20871857,Hrana,1.59
Croccantini SK1,0125554,0.15,150g,Vrecica,Italiamo,1.79,11.93,20872007,Hrana,1.79
Balkanski sir SK1,0125611,0.15,150g,Vakumir. pakov.,NOSTJA,1.79,11.93,20872281,Hrana,1.79
Mini Mozzarella (OGT) SK5,0125645,0.125,125g,Posudica,Milbona,1.39,11.12,4056489847304,Hrana,1.39
Rumenilo SK5,0126194,0.005,1komad,Pakovanje,Cien,2.39,2.39,4056489790471,Kozmetika,2.39
Prevital hrana za maèke ,0126424,2.4,24x100g,Pakovanje,,7.99,3.33,5999546176155,Proizvodi za kuæanstvo,7.99
Hrana za pse [SC] SK6,0126679,0.15,150g,Plitica,Orlando Gourmet,0.65,4.33,4056489014379,Proizvodi za kuæanstvo,0.65
Maska za kosu SK2,0126801,0.3,300ml,Kozm.posudica,Cien,2.49,8.3,4056489254690,Kozmetika,2.49
Kutija za nakit,0458585,0.172,1ST,Pakovanje,Cien BEAUTY,3,3,4335747008726,Kozmetika,3
Glaèalo za kosu,0458587,0.274,1ST,Pakovanje,Silvercrest Personal Care,10,10,4335747045578,Kozmetika,10
Glaèalo za kosu,0458587,0.274,1ST,Pakovanje,Silvercrest Personal Care,10,10,4335747045585,Kozmetika,10
"Ukrasi za lice, kosu i nokte",0458590,0.023,1ST,Pakovanje,Cien BEAUTY,0.5,0.5,4335747045714,Kozmetika,0.5
Tablete protiv kamenca 60x16g,0195219,0.96,60x16g,Kart. na prekl.,W5,3.95,4.11,4056489905240,Sredstva za èišæenje,3.95
Tradicionalni Hummus SK3,0195648,0.2,200g,Plitica,-,1.39,6.95,4056489456544,Hrana,1.39
Tradicionalni Hummus SK3,0195648,0.2,200g,Plitica,-,1.39,6.95,4056489456551,Hrana,1.39
Voæni namazi SK1,0196245,0.26,260g,Staklo,Vitasia,1.89,7.27,4056489917960,Hrana,1.99
Voæni namazi SK1,0196245,0.26,260g,Staklo,Vitasia,1.89,7.27,4056489917977,Hrana,1.99
Obrok u boci SK4,0196805,0.5,500ml,PET-Boca,Pilos,2.79,5.58,4304493270435,Hrana,2.79
High Protein Puding sa šlagom SK1,0196817,0.46,4x115g,Posudica,Milbona,2.49,5.41,4056489920052,Hrana,2.49
Curry SK1,0198532,0.262,262g,Pakovanje,Vitasia,3.69,14.08,4056489932116,Hrana,3.21
Milch-Schnitte 5er breskva,0198857,0.14,140g,Pakovanje,,1.99,14.21,80822158,Hrana,1.99
Alkalna baterija AA,0199972,0.27,12komad,Kart. na prekl.,Tronic,2.69,0.22,4335619081185,Proizvodi za kuæanstvo,2.69
Burger SK1,0200893,0.205,"200g,210g",Atmos-Pakiranje,Chef Select,1.99,9.95,4056489962335,Hrana,1.99
Izbor predjela SK3,0200900,0.275,"250g, 300g",Plitica,Eridanous,3.25,10.83,20460396,Hrana,Nije_bilo_u_prodaji_02.05.2025
Izbor predjela SK3,0200900,0.275,"250g, 300g",Plitica,Eridanous,3.25,10.83,4335619084414,Hrana,Nije_bilo_u_prodaji_02.05.2025
Namaz od avokada SK1,0201024,0.15,150g,Posudica,Chef Select,2.19,14.6,4056489963004,Hrana,2.19
Limunada na talijanski naèin 12%,0201044,0.337,"0,33l",Limenka,Freeway,0.79,2.39,4304493269514,Piæe,0.79
Burnia SK1,0202065,0.25,460ml,PET-Boca,Deluxe,5.14,11.17,4056489988601,Hrana,5.14
Mr. Tom,0202886,0.08,80g,Pakovanje,,1.49,18.63,4021700800109,Hrana,1.49
Kotanyi Quick & Easy SK2,0203026,0.033,"25g,26g,30g,35g,40g",Vrecica,,0.69,0.69,9001414237175,Hrana,0.69
Mješavina 4 sira ribana,0203135,0.3,300g,Pakovanje,Milbona,2.99,9.97,4056489994510,Hrana,2.99
"Mars,Snickers,Twix,Bou.Minis SK2",0203889,0.275,275g,Vrecica,,3.59,13.05,5000159562577,Hrana,3.59
Èokolada punjena karamelom,0204560,0.1,100g,Tabla,Fin Carré,1.29,12.9,4335619012615,Hrana,1.29
XXL kikiriki maslac hrskavi,0205414,1,1kg,PET-Boca,MCENNEDY,4.9,4.9,4335619015302,Hrana,4.9
Mlijeèni desert SK73,0206127,0.527,900ml,Plitica,Bon Gelati,3.49,3.88,40896687,Hrana,3.49
Sladoled Tricoloe,0206134,1.25,2500ml,Plitica,Bon Gelati,4.15,1.66,4335619016309,Hrana,4.15
Peèeni luk,0206547,0.5,500g,Vrecica,Kania,3.99,7.98,4335619020702,Hrana,3.99
Pro Vitamin Šampon SK5,0206646,0.413,400ml,PET-Boca,Cien,1.99,4.98,4056489994152,Kozmetika,1.99
Pro Vitamin Šampon 2u1  SK1,0206650,0.413,400ml,PET-Boca,Cien,2.09,5.23,4056489994220,Kozmetika,2.09
Regenerator za kosu SK1,0206654,0.327,330ml,PET-Boca,Cien,2.29,6.94,4053216039643,Kozmetika,2.29
Regenerator za kosu SK1,0206654,0.327,330ml,PET-Boca,Cien,2.29,6.94,4056489994299,Kozmetika,2.29
Premium mlijeèni desert SK2,0206713,0.5,900ml,Posudica,Bon Gelati,4.49,4.99,4335619021235,Hrana,4.49
Californien Zinfandel rosé ,0206816,0.75,"0,75l",Boca,Cimarosa,3.49,4.65,4335619013704,Piæe,3.49
Zott Monte Snack Original,0206840,2.37,8x29g,Kart. na prekl.,,2.15,9.27,4014500515502,Hrana,2.15
Skarby Serowara Sir u komadu SK2,5549887,0.18,180g,Pakovanje,,2.99,16.61,5900857011226,Hrana,2.89
Voæni mousse XXL SK5,5550523,0.2,200g,Vrecica,Freshona,0.99,4.95,4056489584414,Hrana,0.99
Mlij. èok. punj. nougat/praline SK1,5553469,0.1,100g,Tabla,,0.85,8.5,5904358566568,Hrana,0.85
BO Donut s punjenjem od vanilije,5555304,0.066,66g,Rasuto,,0.59,8.94,4052917661702,Hrana,0.59
Gotovo jelo SK2,5555400,0.4,400g,Atmos-Posudica,Kuljanka,2.19,5.48,4056489784715,Hrana,2.19
Voæni mousse XXL SK6,5564232,0.2,200g,Vrecica,Freshona,0.99,4.95,4056489584407,Hrana,0.99
Good Food Vafli od riže SK1,5566003,0.1,100g,Vrecica,,0.79,7.9,5900125000587,Hrana,0.79
Voæni sapun SK2,5568852,0.09,90g,Pakovanje,Cien,0.35,3.89,4335619189515,Kozmetika,0.35
Mirisne luèice SK8 ,5569779,0.214,18komad,Pakovanje,-,1.59,0.09,4335619141360,Proizvodi za kuæanstvo,1.59
Radler Grejp Vol. 0%,5573195,0.5,"0,5l",Limenka,Argus,0.79,1.58,4335619190160,Piæe,0.75
Gewürztraminer Elsass AOP,5600008,0.75,"0,75l",Boca,,3.98,5.31,20020132,Piæe,3.98
Kozmetièko ogledalo s rasvjetom,0444852,1.045,1ST,Pakovanje,Cien BEAUTY,7,7,4335747006807,Kozmetika,7
Ureðaj za èišæenje pora,0444855,0.104,1ST,Pakovanje,Silvercrest Personal Care,5,5,4335747006906,Kozmetika,5
Turpije za stopala,0444865,0.052,1ST,Pakovanje,Cien BEAUTY,0.5,0.5,4335633058101,Kozmetika,0.5
Sušilo za kosu,0444869,0.791,1ST,Pakovanje,Silvercrest Personal Care,10,10,4335747068973,Kozmetika,10
Èetka za kosu,0444892,0.093,1ST,Pakovanje,Cien BEAUTY,1,1,4335633058323,Kozmetika,1
Motorno ulje 5W-40,0013092,0.866,1l,Kanistar,W5,4.99,4.99,4003214291178,Sredstva za èišæenje,4.99
"Keks s maslacem i èok., SK20, UTZ",0013337,0.125,125g,Kart. na prekl.,Sondey,1.99,15.92,20026554,Hrana,1.89
"Keks s maslacem i èok., SK20, UTZ",0013337,0.125,125g,Kart. na prekl.,Sondey,1.99,15.92,20669188,Hrana,1.89
Set za manikuru-pedikuru,0452787,0.287,1ST,Pakovanje,Silvercrest Personal Care,10,10,4335753094386,Kozmetika,10
LED Kozmetièko ogledalo,0452798,0.6,1ST,Pakovanje,Cien BEAUTY,7,7,4335753095338,Kozmetika,7
Pribor za manikuru-pedikuru,0452802,0.035,1ST,Pakovanje,Cien BEAUTY,1,1,4335754012037,Kozmetika,1
Aku odstranjivaè rožnate kože,0452968,0.223,1ST,Pakovanje,Silvercrest Personal Care,5,5,4335753098483,Kozmetika,5
LED Kozmetièko ogledalo,0460301,0.895,1ST,Pakovanje,Cien BEAUTY,7,7,4335815034756,Kozmetika,7
Sušilo za kosu,0460307,0.723,1ST,Pakovanje,Silvercrest Personal Care,10,10,4335815034862,Kozmetika,10
Pribor za manikuru-pedikuru,0460356,0.039,1ST,Pakovanje,Cien BEAUTY,1,1,4335815035098,Kozmetika,1
Pribor za manikuru-pedikuru,0460356,0.039,1ST,Pakovanje,Cien BEAUTY,1,1,4335815035111,Kozmetika,1
Sušilo za kosu,0460369,0.987,1ST,Pakovanje,Silvercrest Personal Care,15,15,4335815035678,Kozmetika,15
Èetka za kosu,0460370,0.105,1ST,Pakovanje,Cien BEAUTY,1,1,4335815035739,Kozmetika,1
Nestlé NAN 2,6904055,0.8,800g,Limenka,,19.49,24.36,7613034089984,Hrana,19.49
Livanjski sir SK2,6904092,0.3,300g,Atmos-Pakiranje,Pilos,5.99,19.97,4056489073949,Hrana,5.89
"Kiseli kupus glavica, cca. 1kg",6904118,1,ca 1kg,Vakumir. pakov.,Okusi zavièaja,1.79,1.79,2143900000000,Hrana,1.79
"Kiseli kupus glavica, cca. 1kg",6904118,1,ca 1kg,Vakumir. pakov.,Okusi zavièaja,1.79,1.79,2143907000000,Hrana,1.79
"Kiseli kupus glavica, cca. 1kg",6904118,1,ca 1kg,Vakumir. pakov.,Okusi zavièaja,1.79,1.79,2143909000000,Hrana,1.79
"Kiseli kupus glavica, cca. 1kg",6904118,1,ca 1kg,Vakumir. pakov.,Okusi zavièaja,1.79,1.79,2891890000000,Hrana,1.79
The Natural Krema za lice SK1,6904123,0.05,50ml,Pakovanje,,5.19,103.8,3859893507175,Kozmetika,5.19
Omekšivaè 80 pranja SK6,0170888,1.998,2l,PET-Boca,Doussy,2.99,0.04,4056489587781,Sredstva za èišæenje,2.99
Omekšivaè 80 pranja SK6,0170888,1.998,2l,PET-Boca,Doussy,2.99,1.5,4056489587811,Sredstva za èišæenje,2.99
Omekšivaè 80 pranja SK6,0170888,1.998,2l,PET-Boca,Doussy,2.99,1.5,4056489982975,Sredstva za èišæenje,2.99
Proteinski Quark SK1,0170986,0.4,4x100g,Vrecica,Milbona,1.93,4.83,4056489545361,Hrana,1.93
Nature Sredstvo za èišæenje SK2,0171153,0.997,1l,PET-Boca,W5,2.35,2.35,4056489563235,Sredstva za èišæenje,2.35
Premium masline SK3,0171233,0.15,150g,Plitica,Deluxe,1.99,13.27,4056489554035,Hrana,1.99
Premium masline SK3,0171233,0.15,150g,Plitica,Deluxe,1.99,13.27,4056489554059,Hrana,1.99
Kutija za kozmetièke maramice XXL,0171394,0.3,160komada,Pakovanje,Cien,1.15,0.01,4056489570554,Proizvodi za kuæanstvo,1.15
Povræe na grèki naèin SK1,0171434,0.68,680g,Staklo,Eridanous ,3.99,5.87,4056489570905,Hrana,3.99
Pesto SK1,0171500,0.19,190g,Staklo,Kania,1.49,7.84,4056489571506,Hrana,1.49
Poklon set lak za nokte,0171702,0.066,3komad,Pakovanje,Cien,1.99,1.99,4056489572671,Kozmetika,1.99
Miris za auto sa nadopunom SK1,0172610,0.014,1komad,Pakovanje,W5,0.99,0.99,4056489584049,Sredstva za èišæenje,0.99
Miris za auto sa nadopunom SK1,0172610,0.014,1komad,Pakovanje,W5,0.99,0.99,4056489584056,Sredstva za èišæenje,0.99
Voæni namaz,0173201,0.4,400g,Staklo,Maribel,2.39,5.98,4056489593140,Hrana,2.39
Proteinski kvark XXL SK1,0173558,0.5,500g,Posudica,Milbona,2.29,4.58,4056489601593,Hrana,2.29
Desert u èaši SK2,7406727,0.12,2x60g,Staklo,Deluxe,2.59,21.58,4056489491668,Hrana,2.59
"Ardenska kobasica, narezak",7407831,1,ca. 160g,Atmos-Posudica,,16.19,16.19,2894961000000,Hrana,16.19
"Ardenska kobasica, narezak",7407831,1,ca. 160g,Atmos-Posudica,,16.19,16.19,2894964000000,Hrana,16.19
"Ardenska kobasica, narezak",7407831,1,ca. 160g,Atmos-Posudica,,16.19,16.19,2894969000000,Hrana,16.19
Yuzu Desert,7408402,0.12,2x60g,Staklo,Vitasia,2.39,19.92,4056489740551,Hrana,2.39
Èokoladni kolaè SK4,7408868,0.18,2x90g,Kart. na prekl.,Hatherwood,2.29,12.72,20999780,Hrana,2.29
Aromatizirani maslac SK1,7409654,0.125,125g,Pakovanje,Deluxe,2.13,17.04,4056489986218,Hrana,2.13
Tofu BIO SK5,7503820,0.18,180g,Pakovanje,Vemondo,1.19,6.61,4056489068211,Hrana,1.19
Tofu sa zaèinima SK3,7506452,0.18,180g,Pakovanje,Vemondo,1.19,6.61,4056489332855,Hrana,1.19
Tofu XXL,7509037,0.36,2x180g,Pakovanje,Vemondo,1.69,4.69,4056489529712,Hrana,1.69
Premium punjene datulje SK1,7511270,0.1,100g,Kart. na prekl.,Deluxe,3.19,31.9,4056489855910,Hrana,3.99
Lisnato tijesto sir sol,7511349,0.5,500g,Vrecica,Kuljanka,2.99,5.98,4056489855958,Hrana,2.99
Tofu,7512124,0.18,180g,Pakovanje,Vitasia,0.99,5.5,4335619086456,Hrana,0.99
Premium sladoled na štapiæu SK3,7610389,0.063,100ml,Pakovanje,Gelatelli,0.99,9.9,4056489838586,Hrana,0.99
Knedle na bavarski naèin SK2,7700378,0.4,400g,Atmos-Pakiranje,Alpenfest,2.89,7.23,20249533,Hrana,2.19
Knedle na bavarski naèin SK2,7700378,0.4,400g,Atmos-Pakiranje,Alpenfest,2.89,7.23,4056489207252,Hrana,2.19
Oktoberfest knedle,7701155,0.5,500g,Pakovanje,Alpenfest,2.29,4.58,20706821,Hrana,2.29
Tortelloni/Njoki od krumpira SK7,7701351,0.323,"250g,500g",Pakovanje,Combino,0.95,1.9,20830977,Hrana,1.19
Tortelloni/Njoki od krumpira SK7,7701351,0.323,"250g,500g",Pakovanje,Combino,0.95,1.9,20831004,Hrana,1.19
Tortelloni/Njoki od krumpira SK7,7701351,0.348,"250g,500g",Pakovanje,Combino,0.95,3.8,20830984,Hrana,1.19
Organizator za šminku,0472392,1.003,1ST,Pakovanje,LIVARNO home,9.99,9.99,4052916444412,Kozmetika,9.99
Remington Sušilo za kosu,0471422,0.43,1ST,Pakovanje,,13.99,13.99,5038061163698,Kozmetika,13.99
Ražnjiæi od carskog mesa,6904660,0.53,530g,Atmos-Pakiranje,Naša mesnica,4.29,8.09,4056489005308,Hrana,5.99
Extra džem od smokve ,6904667,0.24,240g,Staklo,Okusi zavièaja,2.29,9.54,4056489075110,Hrana,2.29
"Marin. BBQ steak,b.k. s.k.,cca.500g",6904672,1,ca. 500g,Atmos-Pakiranje,Naša mesnica,5.79,5.79,2836093000000,Hrana,6.99
"Marin. BBQ steak,b.k. s.k.,cca.500g",6904672,1,ca. 500g,Atmos-Pakiranje,Naša mesnica,5.79,5.79,2836094000000,Hrana,6.99
Puding vanilija sa šlagom,6904687,0.5,4x125g,Pakovanje,Pilos,1.49,2.98,4056489075370,Hrana,1.49
Sirup bazga-limun,6904708,1.12,1l,PET-Boca,Okusi zavièaja,2.79,2.79,4304493259454,Piæe,2.79
Toaletni papir 3-sloja 16x150 list.,6904746,1.52,16komad,Pakovanje,Floralys,3.25,0.2,3838952028165,Proizvodi za kuæanstvo,3.25
BO Pizza trokut sir-šunka,6904765,0.15,150g,Rasuto,,1.39,9.27,5999006914518,Hrana,1.39
Šampon Kopriva,6904774,1.032,1l,PET-Boca,-,0.85,0.85,4056489074540,Kozmetika,0.85
Fileti jadran. inæuna u masli.ulju,6904797,0.1,100g,Plitica,Okusi zavièaja,2.39,23.9,4056489316213,Hrana,2.39
Marinirani jadr. inæuni u masl.ulju,6904798,0.1,100g,Plitica,Okusi zavièaja,2.29,22.9,4056489075318,Hrana,2.89
Svježa jadranska orada,6904858,0.7,700g,Atmos-Pakiranje,Naša ribarnica,7.19,10.27,4056489316275,Hrana,10.69
Blanširani repovi kozica,6908930,0.2,200g,Atmos-Pakiranje,NAŠA RIBARNICA,4.79,23.95,4056489926634,Hrana,5.79
"Teleæa koljenica, cca. 900g",6908937,1,ca. 900g,Atmos-Pakiranje,-,10.49,10.49,2809070000000,Hrana,10.49
"Teleæa koljenica, cca. 900g",6908937,1,ca. 900g,Atmos-Pakiranje,-,10.49,10.49,2809073000000,Hrana,10.49
Dekorativna/Saten mašna SK1,6908954,0.001,1komad,Pakovanje,,1.69,1.69,3856023025028,Proizvodi za kuæanstvo,1.69
"Jaja, razred L, 10kom.",6909000,0.068,10komad,Pakovanje,,2.59,0.26,4056489925026,Hrana,2.59
Gallo Riža Originario,6909009,1,1kg,Pakovanje,,2.99,2.99,8001420001594,Hrana,2.99
Dolcela Puding èokolada,6909095,0.135,3x45g,Vrecica,,1.99,14.74,3850104275517,Hrana,1.99
Frankovka,6909102,1,1l,Boca,Winemakers of Croatia,3.99,3.99,4304493260375,Piæe,3.99
PP Orahovica Èips od šarana Pikant,6909118,0.25,250g,Kart. na prekl.,,3.99,15.96,3858889834448,Hrana,3.99
Turopoljsko Tamni Lager,6909124,0.5,"0,5l",Boca,,1.99,3.98,3859894095107,Piæe,1.99
Zorina mast Poklon paket Fresh Sen.,6909125,0.42,1komad,Pakovanje,,11.89,11.89,3859894008626,Kozmetika,12.79
Shake Mirisni štapiæi s difuz. SK1,6909174,0.225,1komad,PET-Boca,,4.99,4.99,3858892142622,Sredstva za èišæenje,4.99
Ekoklas Brašno integralno,6909191,1,1kg,Pakovanje,,0.99,0.99,3858887100354,Hrana,0.99
Kaèkavalj polutvrdi sir,6909193,0.5,500g,Pakovanje,,4.49,8.98,3859894087447,Hrana,4.49
Maasdamer polutvrdi sir cca. 300g,6909194,1,ca. 300g,Pakovanje,,7.69,7.69,2153404000000,Hrana,7.69
Nivea Sun Dj.sprej za sunèanje ZF50,6909195,0.231,200ml,PET-Boca,,14.99,74.95,4006000075419,Kozmetika,14.99
"Osjeèko Crni radler 2,0%",6909234,3.012,"6x0,5l",Pakovanje,,6.99,2.33,3858895010539,Piæe,Nije_bilo_u_prodaji_02.05.2025
Boom Box Smoothie jab.ban.mal.kup.,6909266,0.2,200g,Pakovanje,,1.69,8.45,3856027802021,Hrana,1.69
Nivea Krema/losion za tijelo SK1,6909300,0.6,625ml,PET-Boca,,5.6,8.96,4005808779543,Kozmetika,Nije_bilo_u_prodaji_02.05.2025
Mini salama SK11,5508067,0.12,120g,Atmos-Pakiranje,Pikok,1.69,14.08,20858537,Hrana,1.69
Mini salama SK11,5508067,0.12,120g,Atmos-Pakiranje,Pikok,1.69,14.08,20858544,Hrana,1.69
Sok od rajèice 100%,5508353,1.2,1l,Pakovanje,Solevita,1.49,1.49,20900564,Piæe,1.49
Lak za nokte SK4,5508886,0.009,8ml,Pakovanje,Cien Beauty,1.19,1.19,5901801622628,Kozmetika,1.19
Lak za nokte SK4,5508886,0.009,8ml,Pakovanje,Cien Beauty,1.19,1.19,5901801622710,Kozmetika,1.19
Lak za nokte SK4,5508886,0.009,8ml,Pakovanje,Cien Beauty,1.19,1.19,5901801633921,Kozmetika,1.19
Lak za nokte SK4,5508886,0.009,8ml,Pakovanje,Cien Beauty,1.19,1.19,5901801633969,Kozmetika,1.19
Lak za nokte SK4,5508886,0.009,8ml,Pakovanje,Cien Beauty,1.19,1.19,5901801634065,Kozmetika,1.19
Lak za nokte SK4,5508886,0.009,8ml,Pakovanje,Cien Beauty,1.19,1.19,5901801634133,Kozmetika,1.19
Lak za nokte SK4,5508886,0.009,8ml,Pakovanje,Cien Beauty,1.19,1.19,5901801661818,Kozmetika,1.19
Sv. punj. jastuèiæi kupus i gljive,5508982,0.4,400g,Atmos-Posudica,Kuljanka,1.79,4.48,4056489119814,Hrana,1.79
Gouda komad XXL,5509404,0.5,500g,Pakovanje,Pilos,3.19,6.38,20930967,Hrana,3.19
Kukuruzni vafli SK1,5511009,0.105,105g,Vrecica,Sondey,1.19,11.33,20859640,Hrana,1.19
Kukuruzni vafli SK1,5511009,0.105,105g,Vrecica,Sondey,1.19,11.33,20859664,Hrana,1.19
Lak za nokte Neon Splash SK4,5511556,0.008,8ml,Pakovanje,Cien Beauty,1.19,148.75,5901801662297,Kozmetika,1.19
Lak za nokte Neon Splash SK4,5511556,0.008,8ml,Pakovanje,Cien Beauty,1.19,148.75,5901801662303,Kozmetika,1.19
Adventski kalendar,5512509,0.075,75g,Kutija,,1.09,14.53,4048912135102,Hrana,1.09
Kozmetièki pribor Emily in Paris,0471092,0.029,1ST,Pakovanje,,1,1,4335754012099,Kozmetika,1
Hippis Bio Smoothie Pouch,6908597,0.12,120g,Vrecica,,1.39,11.58,4062300325050,Hrana,1.39
Corega tablete za èiš. zub. proteza,6908630,0.1,30komad,Pakovanje,,6.19,0.21,5054563213013,Kozmetika,6.19
FROZY Panirani riblji oblici,6908641,0.33,330g,Vrecica,,2.49,7.55,3858891045603,Hrana,2.49
FROZY Panirani kolutiæi lignje,6908642,0.4,400g,Vrecica,,2.09,5.23,3858891045580,Hrana,2.09
Perfekte Prašak za pranje rublja,6908643,6,6kg,Pakovanje,,6.29,1.05,4262358180377,Sredstva za èišæenje,6.29
Ribella Hummus s buèinim sjemenkama,6908736,0.2,200g,Posudica,,1.99,9.95,8606011898869,Hrana,1.99
L'Angelica Tekuæi sapun Refill SK1,6908763,1,1000ml,Vrecica,,3.49,3.49,8017331077030,Kozmetika,3.49
Zora Pizza šunka,6908867,0.25,250g,Vakumir. pakov.,,1.39,5.56,3859894087362,Hrana,1.39
Tic Tac 100 komada SK1,6908888,0.054,54g,Pakovanje,,1.99,36.85,8000500444634,Hrana,1.99
Ki-Ki Bombon gumeni Fluffy Xmas,6908891,0.09,90g,Pakovanje,,0.85,9.44,3850102009855,Hrana,0.85
"Tekuæi jogurt Proviact 1,0%",6908893,0.18,180g,Posudica,Pilos,0.35,1.94,4056489926573,Hrana,0.35
The Pink Stuff višenam. sr. za èišæ,6908914,0.75,750ml,PET-Boca,,2.19,2.92,5060033823682,Sredstva za èišæenje,2.19
The Pink Stuff sr. za èišæ. stakla,6908916,0.75,750ml,PET-Boca,,2.19,2.92,5060033820759,Sredstva za èišæenje,2.19
Tek. det.za pranje rublja SK2 44pr.,0217088,2.288,"2,2l",PET-Boca,-,3.99,1.81,4056489997894,Sredstva za èišæenje,3.99
Pasta crvena paprika SK1,0217558,0.35,350g,Staklo,1001 delights,1.61,4.6,4335619112261,Hrana,1.61
Kotanyi zaèini SK71,0217856,0.038,"33g,35g,36g,48g",Staklo,,2.49,71.14,9001414041130,Hrana,2.49
Kotanyi zaèini SK71,0217856,0.038,"33g,35g,36g,48g",Staklo,,2.49,51.87,9001414041185,Hrana,2.49
Pjena za èišæenje lica SK1,0217980,0.209,200ml,Dozator,Cien,2.99,14.95,4335619113572,Kozmetika,2.99
Juha s rezancima SK1,0218132,0.205,"250g,182g",Posudica,Vitasia,1.59,8.74,4335619113817,Hrana,1.36
Juha s rezancima SK1,0218132,0.205,"250g,182g",Posudica,Vitasia,1.59,8.74,4335619113831,Hrana,1.36
Micelarna vodica za lice SK1,0218208,0.404,400ml,PET-Boca,Cien,2.65,6.63,4056489817635,Kozmetika,2.65
Korejski pileæi štapiæ,0218329,0.5,500g,Kart. na prekl.,Vitasia,5.29,10.58,4335619114388,Hrana,4.61
Piramida kozjeg krem ??sira SK2,0219555,0.15,150g,Pakovanje,Deluxe,1.99,13.27,4335619195516,Hrana,1.99
"Hrana za pse, perad",0220156,1.25,1250g,Limenka,Bellosan,1.59,1.27,20124038,Proizvodi za kuæanstvo,1.59
"Hrana za pse, perad",0220156,1.25,1250g,Limenka,Bellosan,1.59,1.27,4335619134805,Proizvodi za kuæanstvo,1.59
Španjolski sirevi SK1,0220690,1,"ca. 210g,ca. 230g",Pakovanje,Meine Käserei,29.99,29.99,2896090000000,Hrana,29.99
Španjolski zaèini SK1,0220802,0.062,"55g,75g",Limenka,Sol&Mar,2.19,39.82,4335619136939,Hrana,2.19
Sladoled bez dodanog šeæera SK1,0221616,0.29,475ml,Posudica,Gelatelli,3.12,6.57,4335619150737,Hrana,3.12
Ginato Pomegranate Gin 38%Vol.,0221698,0.57,"0,7l",Boca,,13.99,19.99,5060434132109,Piæe,11.99
Bio voæni namaz SK1,0223332,0.24,240g,Staklo,Maribel,2.39,9.96,4335619167155,Hrana,2.39
Voæni èaj 30% RA,0223932,0.063,"25x2,5g",Kart. na prekl.,Lord Nelson,1.39,22.24,4335619171688,Piæe,1.39
Mediteranska predjela SK2,0224178,0.403,"410g,390g",Plitica,Italiamo,4.59,11.77,20337544,Hrana,4.59
"Gin s okusom lubenice 37,5% Vol.",0224764,0.7,"0,7l",Boca,Hampstead,9.39,13.41,4304493270718,Piæe,9.39
Protein SK1,0226357,0.42,420g,Limenka,,11.99,28.55,4335619166097,Hrana,11.99
"Pivo 4,9% Vol.",0227476,0.503,"0,5l",Limenka,Perlenbacher,0.99,1.98,4304493268432,Piæe,0.99
GGN/MSC Sushi SK20,0228627,0.178,"168g,178,5g,185g",Pakovanje,select & go,3.79,22.56,4335619221628,Hrana,3.79
GGN/MSC Sushi SK20,0228627,0.178,"168g,178,5g,185g",Pakovanje,select & go,3.79,20.49,4335619221642,Hrana,3.79
Limun Spritz,0228804,0.2,0.200l,Limenka,Allini,0.8,0.04,4335619197497,Piæe,Nije_bilo_u_prodaji_02.05.2025
BO Kroasan èokolada,0230002,0.1,100g,Rasuto,,0.99,9.9,20765262,Hrana,0.99
Kozmetièko ogledalo,0466503,0.307,1ST,Pakovanje,Cien BEAUTY,3,3,4052916219010,Kozmetika,4.99
Sušilo za kosu,0472263,0.614,1ST,Pakovanje,Silvercrest Personal Care,12.99,12.99,4052916439036,Kozmetika,12.99
Spužvica za šminku,0472269,0.008,1ST,Pakovanje,Cien BEAUTY,0.99,0.99,4052916439555,Kozmetika,0.99
Spužvica za šminku,0472269,0.008,1ST,Pakovanje,Cien BEAUTY,0.99,0.99,4052916439562,Kozmetika,0.99
Kutija za nakit,0472273,0.179,1ST,Pakovanje,Esmara,5.99,5.99,4052916443903,Kozmetika,5.99
Pribor za kozmetiku i manikuru,0472274,0.033,1ST,Pakovanje,Cien BEAUTY,1.99,1.99,4052916443958,Kozmetika,1.99
Sušilo za kosu,0472278,0.506,1ST,Pakovanje,Silvercrest Personal Care,10.99,10.99,4052916502402,Kozmetika,10.99
Ureðaj za uvijanje kose,0472281,0.69,1ST,Pakovanje,Silvercrest Personal Care,19.99,19.99,4052916443989,Kozmetika,19.99
Kutija za nakit,0466864,0.208,1ST,Pakovanje,Esmara,2.99,2.99,4052916243480,Kozmetika,3.99
Ženski brijaè,0476998,0.176,1ST,Pakovanje,Silvercrest Personal Care,16.99,16.99,4052916470688,Kozmetika,16.99
Jast. punj. sirom od sezam. i origa,6200063,1,1000g,Vrecica,Eridanous,3.99,3.99,20146405,Hrana,3.99
Svježi namaz patlidž./paprika SK1,6200602,0.25,250g,Atmos-Pakiranje,Eridanous,1.49,5.96,20509446,Hrana,1.49
Grèki umaci od rajèice SK2,6200695,0.29,290g,Staklo,Eridanous,2.69,9.28,20616489,Hrana,1.69
Slad. od jogurta sa medom i pekan,6200734,0.27,450ml,Posudica,Eridanous,2.29,5.09,20616779,Hrana,2.29
Kremasti grèki jogurt SK1,6202953,1,1kg,Kanta,Eridanous,3.19,3.19,20224370,Hrana,3.19
Kremasti grèki jogurt SK1,6202953,1,1kg,Kanta,Eridanous,3.19,3.19,4056489056218,Hrana,3.19
High protein jogurt SK3,6205528,0.34,2x170g,Pakovanje,Milbona,1.59,4.68,4056489382720,Hrana,1.59
Pita kruh,6206570,0.65,650g,Vrecica,Eridanous,2.39,3.68,4056489380900,Hrana,2.39
"Maslinovo ulje, ek. djevièansko SK1",6206574,0.916,1l,PET-Boca,Eridanous,8.99,8.99,4056489125983,Hrana,8.99
Balzamièni ocat SK2,6207052,0.302,250ml,Boca,Eridanous,1.99,7.96,4056489906179,Hrana,1.6
Dimljena tuna SK3,6208134,0.16,160g,Kart. na prekl.,Eridanous,1.99,12.44,20616397,Hrana,1.99
Pileæi gyros,6209054,0.33,330g,Vrecica,Eridanous,5.59,16.94,4056489466260,Hrana,4.29
Head&Shoulders Šampon,0004845,0.31,300ml,PET-Boca,,3.99,13.3,4084500970663,Kozmetika,3.99
Head&Shoulders Šampon,0004845,0.31,300ml,PET-Boca,,3.99,13.3,5011321336032,Kozmetika,3.99
Head&Shoulders Šampon,0004845,0.31,300ml,PET-Boca,,3.99,13.3,5011321336117,Kozmetika,3.99
Head&Shoulders Šampon,0004845,0.31,300ml,PET-Boca,,3.99,13.3,8001090133861,Kozmetika,3.99
"BO Zlatna kiflica, 30g",0004854,0.03,30g,Rasuto,,0.29,0.29,3858889612763,Hrana,0.29
"BO Lovaèki kruh SUS, 400g",0004863,0.4,400g,Rasuto,,1.05,2.63,3859890733133,Hrana,1.05
"Dalmatinska buðola, narezak",0004872,0.1,100g,Vakumir. pakov.,Okusi zavièaja,2.59,25.9,20539245,Hrana,2.59
Kiselo vrhnje 20% m.m.,0004896,0.4,400g,Posudica,Pilos,1.65,4.13,20538743,Hrana,1.65
Knorr Umaci SK1,0004901,0.336,750ml,Kart. na prekl.,,1.49,0.5,4000400117700,Hrana,1.49
Gel za poslije sunèanja Aloe Vera,0024987,0.254,250ml,PET-Boca,Cien Sun,2.49,9.96,20546557,Kozmetika,2.49
Francuski Camembert,0025288,0.25,250g,Pakovanje,Milbona,2.99,11.96,4056489203551,Hrana,2.99
Potpuna hrana za pse SK21,0025323,1.24,1240g,Limenka,Orlando,1.89,1.52,20258856,Proizvodi za kuæanstvo,1.89
Potpuna hrana za pse SK21,0025323,1.24,1240g,Limenka,Orlando,1.89,1.52,20258863,Proizvodi za kuæanstvo,1.89
Potpuna hrana za pse SK21,0025323,1.24,1240g,Limenka,Orlando,1.89,1.52,20258870,Proizvodi za kuæanstvo,1.89
Kremasti sapun SK4,0025359,0.15,150g,Pakovanje,Cien,0.79,5.27,20229771,Kozmetika,0.79
Arome za kolaèe,0025624,0.04,20komad,Pakovanje,Belbake,1.89,0.09,20068349,Hrana,1.89
Djeèji sprej za sunèanje ZF 50+,0051161,0.252,250ml,Boca,Cien Sun,6.99,27.96,4335619130487,Kozmetika,6.99
Limun,0080160,1,1kg,Rasuto,,1.49,1.49,,Hrana,1.49
Paprika rog zelena,0082570,1,1kg,Rasuto,,3.99,3.99,,Hrana,3.99
Rama Margarin Classic,6907753,0.4,400g,Posudica,,1.09,2.73,,Hrana,1.09
Hummus SK2,0164805,0.22,220g,Plitica,Vemondo,1.49,6.77,,Hrana,1.49
"Dnevni higijenski ulošci, SK3",0003274,0.073,"32komad,45komad",Kart. na prekl.,Siempre,1.29,0.03,,Proizvodi za kuæanstvo,1.29
Paprika crvena,0082615,1,1kg,Rasuto,,2.99,2.99,,Hrana,2.99
Nektarina rinfuza,0080380,1,1kg,Rasuto,,4.99,4.99,,Hrana,3.99
Tikvica okrugla,0082347,1,1kg,Rasuto,,1.99,1.99,,Hrana,1.99
Krastavac,0082225,1,1kg,Rasuto,,1.39,1.39,,Hrana,1.89
Bio ðumbir,0081724,1,1kg,Rasuto,,4.99,4.99,,Hrana,4.99
Grèki umaci od rajèica,6200698,0.29,290g,Staklo,Eridanous,2.25,7.76,,Hrana,2.25
Mladi luk,0082236,0.141,1komad,Svezanj,,0.79,0.79,,Hrana,0.79
Dolcela Praš. za pec./Van. šeæ. SK3,6907960,0.054,"6x12g,6x8g",Vrecica,,0.99,20.63,,Hrana,0.99
Always Ultra higijenski ulošci BA,0000017,0.058,"9 komada, 10 komada, 14 komada",Pakovanje,,1.66,0.17,8001841263854,Proizvodi za kuæanstvo,1.66
Always Ultra higijenski ulošci BA,0000017,0.058,"9 komada, 10 komada, 14 komada",Pakovanje,,1.66,0.12,8001841263854,Proizvodi za kuæanstvo,1.66
Always Ultra higijenski ulošci BA,0000017,0.058,"9 komada, 10 komada, 14 komada",Pakovanje,,1.66,0.12,8001841263953,Proizvodi za kuæanstvo,1.66
"Ledeni èaj breskva sa šeæerom, 1,5l",0000028,1.5,"1,5l",PET-Boca,Freeway,1.05,0.7,4056489966593,Piæe,1.05
Lenor Omekš.Spring Awakening 64 pr.,0000119,1.6,"1,6l",PET-Boca,,5.65,3.53,8006540889862,Sredstva za èišæenje,5.65
Heinz Sauce BBQ Sweet,0000133,0.4,400ml,PET-Boca,,3.15,7.88,8715700419695,Hrana,3.15
Heinz umak Top Down BBQ classic,0000134,0.48,400ml,PET-Boca,,3.15,7.88,8410066144198,Hrana,3.15
Coca Cola Zero,0000177,0.34,"0,33l",Limenka,Coca-Cola,1.08,3.27,5449000214799,Piæe,1.08
Pringles Original,0000343,0.185,185g,Limenka,,2.05,11.08,5053990167807,Hrana,2.05
Head & Shoulders šampon SK,0000344,0.516,500ml,PET-Boca,,6.59,13.18,8700216157933,Kozmetika,6.59
Pedigree Pseæe poslastice sort SK2,0000347,0.133,"123g,200g,77g",Vrecica,Mars,1.79,14.55,9003579302545,Proizvodi za kuæanstvo,1.79
Ariel Prašak za pranje rublja 100pr,0000404,5.5,"5,5kg",Pakovanje,,21.49,3.91,8006540940815,Sredstva za èišæenje,26.99
Powerade Golden Mango Bahrsi,0000412,0.5,"0,5l",PET-Boca,,1.19,2.38,5449000320988,Piæe,1.19
Lays Èips slani,0000442,0.2,200g,Vrecica,,2.99,14.95,8606017377511,Hrana,2.99
Lay’s èips Classic slani,0000447,0.25,250g,Vrecica,,2.85,11.4,5900259130754,Hrana,2.99
Somat Caps Excellence 5in1 Gigapack,0000463,1.053,54komad,Samost.vreca,Henkel,13.99,0.26,9000101807936,Sredstva za èišæenje,13.99
"Vinski ocat 6%, 1l",0001108,1.011,1l,PET-Boca,-,1.05,1.05,20445751,Hrana,1.05
Èeš. kob. Polièan/Paprika SK2,0001109,0.1,100g,Atmos-Pakiranje,Pikok,1.49,14.9,20073664,Hrana,1.49
Èeš. trajna kob. Vysoèina narezak,0001111,0.1,100g,Atmos-Pakiranje,Pikok,1.29,12.9,20073640,Hrana,1.29
Sladoled štapiæ van.-prelj. èo.-ki,0001194,0.085,120ml,Pakovanje,Ballino,0.89,7.42,20113407,Hrana,0.89
Knedle sa šljivama,0001205,1,1kg,Vrecica,Culinea,2.65,2.65,20093969,Hrana,2.65
Sladoled èokolada-vrhnje,0001216,0.46,1l,Box,Ballino,2.39,2.39,20218225,Hrana,2.39
Sladoled u kornetu - vanilija,0001247,0.074,120ml,Pakovanje,Ballino,0.59,4.92,20980221,Hrana,0.59
"Grašak, smrznuto",0001255,1,1kg,Vrecica,Freshona,1.49,1.49,20164591,Hrana,2.19
"XXL Tekuæi jogurt 2,8% m.m.",0001294,1.5,"1,5kg",PET-Boca,Pilos,1.69,1.13,4304493259720,Hrana,1.69
XXL Svježi sir 25% m.m.,0001295,1,1kg,Posudica,Okusi zavièaja,2.89,2.89,20660468,Hrana,2.89
Krekeri slani i integralni SK5,0001318,0.5,500g,Pakovanje,Snack Day,2.19,4.38,20255480,Hrana,2.19
Svinjski odresci od buta,0001385,0.6,600g,Atmos-Pakiranje,Naša mesnica,3.59,5.98,20315559,Hrana,4.19
Mljeveno miješano meso,0001395,0.85,850g,Atmos-Pakiranje,Naša mesnica,5.99,7.05,20363536,Hrana,6.19
Sezam ploèice SK7,0001419,0.081,3x27g,Pakovanje,Crownfield,0.44,5.43,4056489445333,Hrana,0.49
"BO Kajzerica SUS, 60g",0001478,0.06,60g,Rasuto,,0.13,2.17,3859888751798,Hrana,0.13
"Vranac, kvalitetno crno vino",0001483,0.998,1l,Boca,,2.35,2.35,3899003001438,Piæe,2.35
Carefree Dnevni ulošci sort. SK2,0001496,0.124,56komad,Kart. na prekl.,Johnson & Johnson,3.35,0.06,3574660322637,Proizvodi za kuæanstvo,3.35
Carefree Dnevni ulošci sort. SK2,0001496,0.124,56komad,Kart. na prekl.,Johnson & Johnson,3.35,0.06,3574661256139,Proizvodi za kuæanstvo,3.35
"Dukat kiselo vrhnje 12%, 200g",0001560,0.2,200g,Posudica,,0.94,4.7,3850153003192,Hrana,0.94
"Tekuæi jogurt 2,8% m.m.",0001561,1,1kg,PET-Boca,Pilos,1.89,1.89,20156107,Hrana,1.89
"Tekuæi jogurt 2,8% m.m.",0001572,0.18,180g,Posudica,Pilos,0.37,2.06,20156138,Hrana,0.37
"Sirela Ribanac, 40g",0001610,0.04,40g,Vrecica,,1.49,1.49,3850355001200,Hrana,1.49
"b.Aktiv s LGG natur, 150g",0001614,0.15,150g,Posudica,,0.65,4.33,3850354000181,Hrana,0.65
"Dukat tekuæi jogurt 2,8%, 1kg",0001669,1,1kg,PET-Boca,,2.32,2.32,3850354001010,Hrana,2.32
Bref WC Duo Aktiv Pine,0001690,0.052,50ml,Blister,Henkel,2.65,53,9000100992695,Sredstva za èišæenje,2.65
"Poli pileæa posebna, 500g",0001694,0.5,500g,Stanga,,4.25,8.5,3838977800470,Hrana,4.25
Kuhana šunka narezak,0001719,0.1,100g,Atmos-Pakiranje,Pikok,1.29,12.9,20493264,Hrana,1.29
Kuhana šunka narezak,0001719,0.1,100g,Atmos-Pakiranje,Pikok,1.29,12.9,4056489197317,Hrana,1.29
Èajna kobasica narezak,0001726,0.1,100g,Atmos-Pakiranje,Pikok,1.59,15.9,20491932,Hrana,1.59
Pripr. od svj. sira s voæem SK4,0001817,0.125,125g,Posudica,Milbona,0.55,4.4,20155605,Hrana,0.55
Namaz od vrhnja SK21,0001889,0.2,200g,Plitica,Milbona,1.59,7.95,20064457,Hrana,1.55
Svježa pileæa krila,0001915,1,ca. 500g,Atmos-Pakiranje,Naša mesnica,2.99,2.99,2891984000000,Hrana,4.19
Svježa pileæa krila,0001915,1,ca. 500g,Atmos-Pakiranje,Naša mesnica,2.99,2.99,2891986000000,Hrana,4.19
Svježa pileæa krila,0001915,1,ca. 500g,Atmos-Pakiranje,Naša mesnica,2.99,2.99,2891988000000,Hrana,4.19
"Grana Padano DOP, ribani sir",0001926,0.1,100g,Vrecica,Milbona,2.29,22.9,20001223,Hrana,2.29
"Dim. svinjska koljenica, cca. 1,4kg",0001936,1,"ca. 1,4kg",Vakumir. pakov.,Pikok,6.99,6.99,2123869000000,Hrana,6.99
"Dim. svinjska koljenica, cca. 1,4kg",0001936,1,"ca. 1,4kg",Vakumir. pakov.,Pikok,6.99,6.99,2819360000000,Hrana,6.99
"Oguljene, pržene sjem. suncokreta",0001957,0.1,100g,Vrecica,Alesto,0.59,5.9,20320003,Hrana,0.59
Mesni sir peèen u peænici,0001991,0.4,400g,Atmos-Pakiranje,Dulano,3.99,9.98,20110895,Hrana,3.99
Mesni sir peèen u peænici,0001991,0.4,400g,Atmos-Pakiranje,Dulano,3.99,9.98,20126544,Hrana,3.99
"Rolana lopatica bez kože cca. 1,3kg",0001994,1,"ca. 1,3kg",Vakumir. pakov.,Pikok,5.75,5.75,2819948000000,Hrana,5.75
"Rolana lopatica bez kože cca. 1,3kg",0001994,1,"ca. 1,3kg",Vakumir. pakov.,Pikok,5.75,5.75,2847711000000,Hrana,5.75
"Rolana lopatica bez kože cca. 1,3kg",0001994,1,"ca. 1,3kg",Vakumir. pakov.,Pikok,5.75,5.75,2847714000000,Hrana,5.75
Crvena slatka zaèinska paprika,0002084,0.25,250g,Vrecica,Kania,3.99,15.96,20098315,Hrana,3.99
Fritt Voæne karamele SK18 ,0002167,0.07,70g,Pakovanje,,0.99,14.14,4000607525407,Hrana,0.99
Fritt Voæne karamele SK18 ,0002167,0.07,70g,Pakovanje,,0.99,14.14,4000607536007,Hrana,0.99
Nescafé Cappuccino sort.,0002183,0.135,"112g,148g",Kart. na prekl.,Nestlé,4.19,29.1,5011546477640,Piæe,4.19
Nescafé Cappuccino sort.,0002183,0.135,"112g,148g",Kart. na prekl.,Nestlé,4.19,37.41,7613036204897,Piæe,4.19
Pag91 Kuhinjska morska sol sitna,0002214,1,1kg,Vrecica,,0.49,0.49,3859888817029,Hrana,0.49
Kiara Kristal šeæer 1kg ,0002220,1,1kg,Vrecica,,0.99,0.99,3859888112124,Hrana,0.99
Kiara Kristal šeæer 1kg ,0002220,1,1kg,Vrecica,,0.99,0.99,3859891496105,Hrana,0.99
"Brašno TIP 550 glatko, 5kg",0002223,5,5kg,Pakovanje,Belbake,3.58,0.72,4056489316107,Hrana,3.58
Fusilli od durum pšenice 500g,0002298,0.5,500g,Vrecica,Combino,1.09,2.18,20003470,Hrana,1.09
"Badem jezgra u rinfuzi, cca. 1kg",0002321,1,ca. 1kg,Rasuto,,6.79,6.79,3859890587484,Hrana,6.79
Fant Fix umaci SK1,0002401,0.069,"60g,65g,90g",Vrecica,,1.25,19.23,3850104019173,Hrana,1.25
Pasterizirani zaèinjeni krastavci,0002502,0.67,720ml,Staklo,Freshona,1.59,4.3,20004361,Hrana,1.89
"Crvena paprika fileti, OM 300g",0002503,0.68,720ml,Staklo,Freshona,1.57,5.23,20004385,Hrana,2.49
Cikla u kriškama (OM 430g),0002510,0.67,720ml,Staklo,Freshona,1.45,3.37,20004392,Hrana,1.45
"Fanta Orange, 0,5l",0002651,0.52,"0,5l",PET-Boca,Coca-Cola,1.12,2.24,40822938,Piæe,1.12
Èajni kolutiæi,0002729,0.4,400g,Kart. na prekl.,Sondey,1.79,4.48,20029968,Hrana,1.79
Soft cake SK4,0002743,0.15,150g,Pakovanje,Tastino,1.15,7.67,20073053,Hrana,1.15
Svinjska mast,0002762,1,1kg,Kanta,Okusi zavièaja,2.19,2.19,3858884991627,Hrana,2.19
Airwaves žvakaæe gume SK2,0002906,0.014,14g,Pakovanje,Mars,0.99,0.99,42101925,Hrana,0.99
Orbit žvakaæe gume sort. I,0002907,0.014,14g,Pakovanje,Mars,0.99,0.99,50173976,Hrana,0.99
Milka Èokolada sort.,0002911,0.281,"270g, 276g, 300g",Pakovanje,,5.99,22.19,7622200004614,Hrana,5.99
Milka Èokolada sort.,0002911,0.281,"270g, 276g, 300g",Pakovanje,,5.99,22.19,7622210275516,Hrana,5.99
Milka Èokolada sort.,0002911,0.281,"270g, 276g, 300g",Pakovanje,,5.99,21.7,7622210384362,Hrana,5.99
Milka Èokolada sort.,0002911,0.281,"270g, 276g, 300g",Pakovanje,,5.99,22.19,7622210702555,Hrana,5.99
Milka Èokolada sort.,0002911,0.281,"270g, 276g, 300g",Pakovanje,,5.99,21.7,7622210702555,Hrana,5.99
Milka Èokolada sort.,0002911,0.281,"270g, 276g, 300g",Pakovanje,,5.99,19.97,9012200001245,Hrana,5.99
"Biskvit SK2, SK13 400g",0002940,0.4,400g,Pakovanje,Confiserie Firenze,2.49,6.23,4056489697763,Hrana,2.69
"Biskvit rolada SK3, 300g",0002945,0.3,300g,Pakovanje,Tastino,1.59,5.3,20223205,Hrana,1.59
Kompletna hrana za maèke SK19,0003002,0.1,100g,Plitica,Coshida,0.45,4.5,20609474,Proizvodi za kuæanstvo,0.45
Potpuna hrana za pse SK1,0003024,10,10kg,Vrecica,Orlando,11.89,1.19,4056489142225,Proizvodi za kuæanstvo,11.89
Pjena za kosu SK8,0003050,0.22,250ml,Limenka,Cien,1.33,5.32,20152840,Kozmetika,1.59
Pjena za kosu SK8,0003050,0.22,250ml,Limenka,Cien,1.33,5.32,20302160,Kozmetika,1.59
Lak za kosu SK13,0003054,0.31,400ml,Limenka,Cien,1.98,4.95,20398644,Kozmetika,2.39
Pjena za brijanje sensitive,0003108,0.294,300ml,Limenka,Cien MEN,1.59,5.3,4056489431084,Kozmetika,1.59
Èetkice za zube classic SK6,0003116,0.034,2komad,Pakovanje,Dentalux,0.77,0.39,4056489411666,Kozmetika,0.85
"Tekuæina za ispiranje usta, SK15",0003125,0.508,500ml,PET-Boca,Dentalux,1.45,2.9,20964962,Kozmetika,1.45
Sredstvo za èišæenje masnoæa SK12,0003191,0.753,750ml,PET-Boca,W5,1.99,2.65,20318284,Sredstva za èišæenje,1.99
Tamponi SK3,0003257,0.054,24komad,Kart. na prekl.,Siempre,1.55,0.06,20888169,Proizvodi za kuæanstvo,1.55
Mop - nastavak za èišæenje podova ,0003310,0.098,1komad,Vrecica,W5,1.79,1.79,20579784,Proizvodi za kuæanstvo,1.79
"Studenac Gazirana mine. voda, 1,5l",0003465,1.5,"1,5l",PET-Boca,,0.89,0.59,3850104057281,Piæe,0.89
"Svijetlo pivo 4,0%",0003483,2.01,2l,PET-Boca,Argus,1.85,0.93,4304493256422,Piæe,1.85
Ferrero Rocher ,0003543,0.2,200g,Pakovanje,,6.49,32.45,8000500003787,Hrana,6.49
Cola gazirano piæe sa sladilom,0003609,2,2l,PET-Boca,Freeway,0.89,0.45,4304493259249,Piæe,0.89
Gazirano piæe naranèa sa sladilom,0003610,2,2l,PET-Boca,Freeway,0.49,0.25,4304493257078,Piæe,0.89
"Axe Bodyspray sort., 150ml ",0003696,0.097,150ml,Limenka,,4.55,30.33,5000228015874,Kozmetika,4.55
"Axe Bodyspray sort., 150ml ",0003696,0.097,150ml,Limenka,,4.55,30.33,8711600639232,Kozmetika,4.55
"Axe Bodyspray sort., 150ml ",0003696,0.097,150ml,Limenka,,4.55,30.33,8712561249393,Kozmetika,4.55
"Axe Bodyspray sort., 150ml ",0003696,0.097,150ml,Limenka,,4.55,30.33,8718114156828,Kozmetika,4.55
Signal zubna pasta Whitening,0003703,0.125,125ml,Tuba,,2.99,23.92,5900300349395,Kozmetika,2.99
Keksi s maslacem SK3,0003801,0.4,2x200g,Pakovanje,Sondey,2.79,6.98,20123031,Hrana,2.79
Talijanski umaci SK8,0003805,0.42,400ml,Staklo,Combino,1.79,4.48,20023218,Hrana,1.79
Talijanski umaci SK8,0003805,0.42,400ml,Staklo,Combino,1.79,4.48,20037161,Hrana,1.79
Topljeni sir listiæi,0003830,0.3,300g,Pakovanje,Milbona,2.25,7.5,20008734,Hrana,2.99
Topljeni sir u kadicama SK18,0003834,0.2,200g,Posudica,Milbona,1.89,9.45,20096502,Hrana,1.89
Èokoladni vafli SK10,0003869,0.125,125g,Kart. na prekl.,Sondey,1.69,13.52,20113735,Hrana,1.69
Pesto SK17,0003914,0.19,190g,Staklo,Baresa,1.85,9.74,20425562,Hrana,1.85
Pesto SK17,0003914,0.19,190g,Staklo,Baresa,1.85,9.74,4056489129677,Hrana,1.85
Tvrdi bomboni u limenci SK7,0003929,0.2,200g,Limenka,Sweet Corner,1.59,7.95,20078676,Hrana,1.59
Tvrdi bomboni u limenci SK7,0003929,0.2,200g,Limenka,Sweet Corner,1.59,7.95,20078706,Hrana,1.59
Pro Vitamin balzam za kosu SK9,0003947,0.299,300ml,PET-Boca,Cien,1.49,4.97,20250874,Kozmetika,1.49
Pro Vitamin balzam za kosu SK9,0003947,0.299,300ml,PET-Boca,Cien,1.49,4.97,20918811,Kozmetika,1.49
Amaro biljni liker 30% vol.,0003949,0.73,"0,7l",Boca,Romanetti,7.49,10.7,4304493262300,Piæe,7.49
"Trajno mlijeko 3,5%",0003978,1.03,1l,Pakovanje,Pilos,1.09,1.09,20036768,Hrana,1.05
"Trajno mlijeko 1,5%",0003979,1.034,1l,Pakovanje,Pilos,0.95,0.95,20037321,Hrana,0.95
"Toast s maslacem, 500g",0003992,0.5,500g,Pakovanje,Tastino,1.29,2.58,20006228,Hrana,1.29
Kinder Milchschnitte 5x28g,0004450,0.14,5x28g,Pakovanje,,2.99,21.36,8000500062654,Hrana,2.99
Raid Tekuæe punjenje za el.ap.,0004452,0.043,21ml,Pakovanje,,5.99,5.99,5000204815887,Proizvodi za kuæanstvo,5.99
Old Spice Deo stick,0004454,0.056,50ml,PET-Boca,,3.85,77,8700216162180,Kozmetika,3.85
Old Spice Deo stick,0004454,0.056,50ml,PET-Boca,,3.85,77,8700216203982,Kozmetika,3.85
Old Spice Deo stick,0004454,0.056,50ml,PET-Boca,,3.85,77,8700216884662,Kozmetika,3.85
"Schweppes Tangerine, 1,5l",0004498,1.5,"1,5l",PET-Boca,Coca-Cola,2.23,1.49,5449000044730,Piæe,2.19
Pepsi Regular,0004561,2.051,2l,PET-Boca,Pepsi,1.85,0.93,3830065022641,Piæe,1.85
"Persil Gel Color, 30 pranja",0004563,1.58,"1,5l",Boca,,9.75,0.32,9000101345476,Sredstva za èišæenje,9.75
"Persil Gel Color, 30 pranja",0004563,1.58,"1,5l",Boca,,9.75,6.5,9000101345476,Sredstva za èišæenje,9.75
"Kinder Schoko-Bons, 125g",0004806,0.125,125g,Pakovanje,,3.29,26.32,5413548280189,Hrana,3.29
"Instant napitak naranèa, 500g",0004839,0.5,500g,Vrecica,Freeway,2.39,4.78,4056489074854,Piæe,2.39
Leæa SK1,0004964,0.5,500g,Vrecica,Campo Largo,1.16,2.32,20256296,Hrana,1.29
"Dove Gel za tuširanje sort., 250ml",0004967,0.258,250ml,Boca,,2.99,11.96,8710522394823,Kozmetika,2.99
"Dove Gel za tuširanje sort., 250ml",0004967,0.258,250ml,Boca,,2.99,11.96,8712561593335,Kozmetika,2.99
Gouda komad,0004984,0.4,400g,Pakovanje,Pilos,3.95,9.88,5900120064898,Hrana,3.95
Nestlé Nescafe 2u1/3u1,0005074,0.137,"80g, 140g, 155g",Vrecica,,2.99,21.36,7613032868505,Piæe,2.99
Nestlé Nescafe 2u1/3u1,0005074,0.137,"80g, 140g, 155g",Vrecica,,2.99,17.59,7613032868505,Piæe,2.99
Nestlé Nescafe 2u1/3u1,0005074,0.137,"80g, 140g, 155g",Vrecica,,2.99,19.29,7613032921125,Piæe,2.99
Nestlé Nescafe 2u1/3u1,0005074,0.137,"80g, 140g, 155g",Vrecica,,2.99,21.36,7613033866357,Piæe,2.99
Nestlé Nescafe 2u1/3u1,0005074,0.137,"80g, 140g, 155g",Vrecica,,2.99,19.29,7613036842365,Piæe,2.99
Nestlé Nescafe 2u1/3u1,0005074,0.137,"80g, 140g, 155g",Vrecica,,2.99,17.59,8445290749413,Piæe,2.99
Nestlé Nescafe 2u1/3u1,0005074,0.137,"80g, 140g, 155g",Vrecica,,2.99,21.36,8445291261044,Piæe,2.99
Argeta Pašteta od tune 3x95g,0005122,0.285,3x95g,Pakovanje,,4.99,17.51,3838471033190,Hrana,4.99
Argeta Riblja pašteta SK1,0005139,0.095,95g,Limenka,,1.99,20.95,3838471052313,Hrana,1.99
"Argeta Kokošja pašteta SK2, 95g",0005140,0.095,95g,Limenka,,1.39,14.63,3838471031394,Hrana,1.39
"BO Pecivo žemlja SUS, 75g",0005369,0.075,75g,Rasuto,,0.21,2.8,3859890771173,Hrana,0.21
Fileti haringe u ulju,0005434,0.17,170g,Limenka,Nixe,1.39,8.18,20052942,Hrana,1.39
"Argeta Kokošja pašteta, 3x95g",0005502,0.285,3x95g,Pakovanje,,3.19,11.19,3838975567214,Hrana,3.49
"Svježi pileæi želuci, 500g",0005594,0.5,500g,Atmos-Pakiranje,,1.49,2.98,4052917408697,Hrana,1.49
Svježi pileæi filet,0005607,1,ca. 500g,Atmos-Pakiranje,Naša mesnica,7.39,7.39,2852025000000,Hrana,7.39
Svježi pileæi filet,0005607,1,ca. 500g,Atmos-Pakiranje,Naša mesnica,7.39,7.39,2891920000000,Hrana,7.39
Svježi pileæi filet,0005607,1,ca. 500g,Atmos-Pakiranje,Naša mesnica,7.39,7.39,2891921000000,Hrana,7.39
Svježi pileæi filet,0005607,1,ca. 500g,Atmos-Pakiranje,Naša mesnica,7.39,7.39,2891923000000,Hrana,7.39
Svježi pileæi filet,0005607,1,ca. 500g,Atmos-Pakiranje,Naša mesnica,7.39,7.39,2891927000000,Hrana,7.39
Axe gel za tuširanje sort.,0005639,0.257,250ml,Boca,,2.99,11.96,40883564,Kozmetika,2.99
Axe gel za tuširanje sort.,0005639,0.257,250ml,Boca,,2.99,11.96,8710908080029,Kozmetika,2.99
Axe gel za tuširanje sort.,0005639,0.257,250ml,Boca,,2.99,11.96,8711700796712,Kozmetika,2.99
"Èoko. vafli kokos, UTZ, RFA",0005711,0.04,40g,Pakovanje,Sondey,0.39,0.39,4056489357858,Hrana,0.39
Skuša fileti u umaku rajèica,0005719,0.17,170g,Limenka,Nixe,1.59,9.35,20096410,Hrana,1.59
Tic Tac SK5,0005761,0.018,18g,Pakovanje,,0.79,0.79,80799672,Hrana,0.79
Jetrena pašteta SK37,0005881,0.15,150g,Plitica,Pikok,0.99,6.6,20363925,Hrana,0.99
Sensodyne Pasta za zube SK2,0005894,0.075,75ml,Tuba,,3.95,52.67,4026600847704,Kozmetika,3.95
Schauma šampon sort.,0005896,0.52,400ml,Boca,,3.17,7.93,4015000910712,Kozmetika,3.17
Schauma šampon sort.,0005896,0.52,400ml,Boca,,3.17,7.93,4015000910880,Kozmetika,3.17
Schauma šampon sort.,0005896,0.52,400ml,Boca,,3.17,7.93,4015001005431,Kozmetika,3.17
Schauma šampon sort.,0005896,0.52,400ml,Boca,,3.17,7.93,4015100216509,Kozmetika,3.17
Schauma šampon sort.,0005896,0.52,400ml,Boca,,3.17,7.93,9000100852333,Kozmetika,3.17
"Orbit White žvakaæe gume sort., 14g",0005954,0.014,14g,Pakovanje,Mars,0.99,0.99,42211686,Hrana,0.99
Nivea Dezodorans roler SK1,0005958,0.052,50ml,Pakovanje,,3.95,79,4005808837359,Kozmetika,3.95
Nivea Dezodorans roler SK1,0005958,0.052,50ml,Pakovanje,,3.95,79,42242864,Kozmetika,3.95
Nivea Dezodorans roler SK1,0005958,0.052,50ml,Pakovanje,,3.95,79,42246350,Kozmetika,3.95
Energy Drink Classic,0005976,0.52,"0,5l",PET-Boca,Kong Strong,1.2,2.4,20420673,Piæe,1.2
"Stella Artois Svijetlo pivo 5% 0,5l",0006153,0.5,"0,5l",Limenka,,1.65,3.3,3850131486009,Piæe,1.65
"Grill senf, 420ml",0006174,0.46,460g,PET-Boca,Grill&Fun,1.49,3.24,20380106,Hrana,1.49
Raid Spirale ,0006228,0.148,10komad,Pakovanje,,2.99,0.3,3092830003648,Proizvodi za kuæanstvo,2.99
"Jack Daniels Tennessee Whiskey, 40%",0006251,0.7,"0,7l",Boca,,23.02,32.89,5099873009109,Piæe,24.22
Ritter Sport SK17,0006343,0.1,100g,Tabla,Ritter,1.79,17.9,4000417013002,Hrana,1.79
Ritter Sport SK17,0006343,0.1,100g,Tabla,Ritter,1.79,17.9,4000417014009,Hrana,1.79
Ritter Sport SK17,0006343,0.1,100g,Tabla,Ritter,1.79,17.9,4000417020000,Hrana,1.79
Ritter Sport SK17,0006343,0.1,100g,Tabla,Ritter,1.79,17.9,4000417021007,Hrana,1.79
Ritter Sport SK17,0006343,0.1,100g,Tabla,Ritter,1.79,17.9,4000417025005,Hrana,1.79
Ritter Sport SK17,0006343,0.1,100g,Tabla,Ritter,1.79,17.9,4000417308009,Hrana,1.79
Šunka narezak,0006391,0.1,100g,Atmos-Pakiranje,Pikok,0.99,9.9,20491857,Hrana,0.99
Dimljeni vrat narezak,0006394,0.1,100g,Atmos-Pakiranje,Pikok,1.49,14.9,20491888,Hrana,1.49
Hren SK2,0006427,0.189,"185g,190g",Staklo,Kania,1.19,6.26,20359492,Hrana,1.19
Hren SK2,0006427,0.189,"185g,190g",Staklo,Kania,1.19,6.43,20359508,Hrana,1.19
"Svježa pileæa leða, cca. 750g",0006457,1,ca. 750g,Atmos-Pakiranje,Naša mesnica,1.69,1.69,2852032000000,Hrana,1.69
"Svježa pileæa leða, cca. 750g",0006457,1,ca. 750g,Atmos-Pakiranje,Naša mesnica,1.69,1.69,2852039000000,Hrana,1.69
"Svježa pileæa leða, cca. 750g",0006457,1,ca. 750g,Atmos-Pakiranje,Naša mesnica,1.69,1.69,2891130000000,Hrana,1.69
"Svježa pileæa leða, cca. 750g",0006457,1,ca. 750g,Atmos-Pakiranje,Naša mesnica,1.69,1.69,2891135000000,Hrana,1.69
Danone Actimel BA 4x100g,0006461,0.4,4x100g,PET-Boca,Danone,1.59,3.98,5997536304618,Hrana,1.59
"Svježa pileæa prsa, bk sk, cca 500g",0006488,1,ca. 500g,Atmos-Pakiranje,Naša mesnica,5.89,5.89,2891147000000,Hrana,5.89
Svježi pileæi batak,0006489,1,ca. 500g,Atmos-Pakiranje,Naša mesnica,4.09,4.09,2852013000000,Hrana,4.09
Svježi pileæi batak,0006489,1,ca. 500g,Atmos-Pakiranje,Naša mesnica,4.09,4.09,2891969000000,Hrana,4.09
"Dalmatinski pršut, narezak",0006594,0.1,100g,Vakumir. pakov.,Okusi zavièaja,2.99,29.9,20492533,Hrana,2.99
"BO Krafna marelica, 60g",0006663,0.06,60g,Rasuto,,0.55,9.17,3859890755883,Hrana,0.55
"Svježi pileæi zabatak, cca. 500g",0006675,1,ca. 500g,Atmos-Pakiranje,Naša mesnica,4.09,4.09,2852041000000,Hrana,4.09
Lovorov list cijeli,0006688,0.005,5g,Vrecica,Kania,0.25,0.25,20919566,Hrana,0.25
Violeta Jumbo ubrusi Lemon 2-sl.,0006690,0.424,2x100Blatt,Pakovanje,,2.65,1.33,3859892288624,Proizvodi za kuæanstvo,2.39
"Pileæi mix za juhu, cca. 500g",0006735,1,ca. 500g,Atmos-Pakiranje,Naša mesnica,2.69,2.69,2891122000000,Hrana,2.69
"Pileæi mix za juhu, cca. 500g",0006735,1,ca. 500g,Atmos-Pakiranje,Naša mesnica,2.69,2.69,2891126000000,Hrana,2.69
"Sir trapist, 700g",0006740,0.7,700g,Pakovanje,Pilos,8.49,12.13,20102890,Hrana,8.49
Nivea Sun Djeèji losion ZF50+,0007522,0.2,200ml,PET-Boca,,15.99,79.95,4006000075402,Kozmetika,15.99
M&M's SK2,0007674,0.214,"187g,220g",Samost.vreca,,3.29,17.59,4011100005846,Hrana,3.29
M&M's SK2,0007674,0.214,"187g,220g",Samost.vreca,,3.29,14.95,5000159471848,Hrana,3.29
M&M's SK2,0007674,0.214,"187g,220g",Samost.vreca,,3.29,17.59,5000159484602,Hrana,3.29
M&M's SK2,0007674,0.214,"187g,220g",Samost.vreca,,3.29,14.95,5000159561686,Hrana,3.29
Air Wick Fresh Matic Refill sort.,0008404,0.17,250ml,Limenka,,6.69,26.76,5011417541807,Sredstva za èišæenje,6.69
Air Wick Fresh Matic Refill sort.,0008404,0.17,250ml,Limenka,,6.69,26.76,5997321759708,Sredstva za èišæenje,6.69
"Jaja razred M, klasa A, 30 komada",0008481,1.74,30komad,Pakovanje,,4.59,0.15,20780517,Hrana,4.59
"Jaja razred M, klasa A, 30 komada",0008481,1.74,30komad,Pakovanje,,4.59,0.15,3858884994901,Hrana,4.59
"Jaja razred M, klasa A, 30 komada",0008481,1.74,30komad,Pakovanje,,4.59,0.15,4056489925033,Hrana,4.59
"Vreæice za zamrzavanje, SK1",0008485,0.115,"26komad,38komad,50komad",Pakovanje,Aromata,0.79,0.79,20476496,Proizvodi za kuæanstvo,0.79
"Domaæa peèena šunka, cca. 1,2kg",0008687,1,"ca. 1,2kg",Vakumir. pakov.,Okusi zavièaja,5.79,5.79,2886870000000,Hrana,5.79
Nivea Sun Protect & Bronze ZF 20,0008722,0.2,200ml,PET-Boca,,12.99,64.95,7319470012127,Kozmetika,12.99
"Odojak s glavom, cca. 2,3kg",0008752,1,"ca. 2,3kg",Atmos-Pakiranje,Naša mesnica,7.99,7.99,2269010000000,Hrana,7.99
"Odojak s glavom, cca. 2,3kg",0008752,1,"ca. 2,3kg",Atmos-Pakiranje,Naša mesnica,7.99,7.99,2874920000000,Hrana,7.99
"Odojak s glavom, cca. 2,3kg",0008752,1,"ca. 2,3kg",Atmos-Pakiranje,Naša mesnica,7.99,7.99,2887520000000,Hrana,7.99
Plavac crno vino,0008924,0.746,"0,75l",Boca,Winemakers of Croatia,4.99,6.65,4304493256644,Piæe,4.99
"Mineralna voda negazirana, 0,5l",0008993,0.5,"0,5l",PET-Boca,Saguaro,0.37,0.74,4304493258679,Piæe,0.37
"Mineralna voda gazirana, 0,5l",0008994,0.5,"0,5l",PET-Boca,Saguaro,0.34,0.68,4304493258686,Piæe,0.37
Srdele s povræem u umaku,0009041,0.1,100g,Limenka,Okusi zavièaja,1.19,11.9,20538125,Hrana,1.19
"Svinjski file, cca. 400g",0009053,1,ca. 400g,Vakumir. pakov.,Naša mesnica,8.89,8.89,2890530000000,Hrana,8.89
Èili æevapèiæi,0009057,0.5,500g,Atmos-Pakiranje,Naša mesnica,3.79,7.58,3858883380217,Hrana,3.79
"Lasagne Bolognese, svinjetina",0009098,1,1kg,Plitica,Chef Select,5.29,5.29,20163730,Hrana,5.29
Monster Energetski napitak Mango,0009268,0.55,"0,5l",Limenka,Coca-Cola,1.39,2.78,5060639121618,Piæe,1.39
"Ožujsko Svijetlo pivo 5%, 0,5l",0009327,0.5,"0,5l",Boca,,1.36,2.72,38501692,Piæe,1.36
Lampion SK7,0009364,0.29,290g,Pakovanje,-,1.99,1.99,20251642,Proizvodi za kuæanstvo,1.99
Lampion SK7,0009364,0.29,290g,Pakovanje,-,1.99,1.99,20251659,Proizvodi za kuæanstvo,1.99
Monster Energetski napitak Ultra,0009528,0.5,"0,5l",Limenka,Coca-Cola,1.59,3.18,5060337500104,Piæe,1.59
Old Spice Gel za tuširanje,0009584,0.421,400ml,Boca,,3.85,9.63,8001090533869,Kozmetika,3.85
Old Spice Gel za tuširanje,0009584,0.421,400ml,Boca,,3.85,9.63,8700216994293,Kozmetika,3.85
Barilla Pesto Genovese,0009598,0.19,190g,Staklo,Barilla,2.75,14.47,8076809513746,Hrana,2.35
Vreæica za voæe&povræe,0009663,0.001,1komad,Nepakirano,,0.01,0.01,4010373999739,Proizvodi za kuæanstvo,0.01
Roemerquelle Limunska trava,0009667,0.5,"0,5l",PET-Boca,Coca-Cola,1.09,2.18,9031100003807,Piæe,1.09
Biljni liker 35% Vol.,0009816,0.206,"4x0,02l",Kart. na prekl.,Jagdstolz,1.49,1.86,20145170,Piæe,1.49
Vrhnje u spreju,0009818,0.255,250ml,Limenka,Pilos,2.29,9.16,20139407,Hrana,2.29
Vrhnje u spreju,0009818,0.255,250ml,Limenka,Pilos,2.29,9.16,20178253,Hrana,2.29
Gel za kosu za muškarce SK10,0009855,0.15,150ml,Tuba,Cien,1.79,11.93,20008383,Kozmetika,1.79
Bjelilo za kavu,0009856,0.2,200g,Vrecica,Bellarom,1.25,6.25,4335619142541,Hrana,1.25
Curry kobasica-gotovo jelo,0010042,0.22,220g,Atmos-Pakiranje,Alpenfest,1.99,9.05,20082413,Hrana,1.99
"Alpska šunka u komadu, cca. 600g",0010237,1,ca. 600g,Vakumir. pakov.,Alpenfest,12.69,12.69,2228882000000,Hrana,12.69
"Alpska šunka u komadu, cca. 600g",0010237,1,ca. 600g,Vakumir. pakov.,Alpenfest,12.69,12.69,2228884000000,Hrana,12.69
"Alpska šunka u komadu, cca. 600g",0010237,1,ca. 600g,Vakumir. pakov.,Alpenfest,12.69,12.69,2810233000000,Hrana,12.69
"Alpska šunka u komadu, cca. 600g",0010237,1,ca. 600g,Vakumir. pakov.,Alpenfest,12.69,12.69,2868940000000,Hrana,12.69
Svježi njoki,0010371,0.5,500g,Vrecica,Chef Select,1.09,2.18,4056489041917,Hrana,1.19
Kobasica za peèenje,0010501,0.5,500g,Vakumir. pakov.,Dulano Selection,3.49,6.98,4056489141716,Hrana,3.49
Šunka narezana,0010707,0.1,100g,Atmos-Pakiranje,Dulano Selection,1.85,18.5,20119690,Hrana,1.85
Umak od rajèice,0010874,0.5,500g,Staklo,Combino,2.19,4.38,4056489225676,Hrana,2.19
Èips paprika,0011163,0.15,150g,Vrecica,Snack Day,1.15,7.67,40894836,Hrana,1.15
"Šunka, sušena na zraku, narez.",0011440,0.2,200g,Atmos-Pakiranje,Dulano,3.39,16.95,20012694,Hrana,3.39
Mini-pašteta SK44,0011547,0.13,130g,Atmos-Pakiranje,Alpenfest,1.49,11.46,20140427,Hrana,1.49
Kuhana šunka tanko narezana XXL SK4,0011882,0.4,400g,Atmos-Pakiranje,Dulano,4.29,10.73,20015480,Hrana,4.29
Salsa umak SK8,0011890,0.31,"300g,315g",Staklo,Snack Day,1.59,5.3,20108618,Hrana,1.59
Azijska juha SK12,0012009,0.4,400ml,Limenka,Vitasia,1.39,3.48,20119713,Hrana,1.39
Kim,0012054,0.05,50g,Staklo,Kania,0.99,19.8,20000387,Hrana,0.99
Extra djevièansko maslinovo ulje,0012081,0.684,"0,75l",Boca,Sol&Mar,5.89,7.85,4056489091820,Hrana,5.89
Jogurt 5% SK 4,0012211,1,1kg,Kanta,Pilos,2.99,2.99,4056489110118,Hrana,Nije_bilo_u_prodaji_02.05.2025
Grèki Tzatziki,0012212,0.5,500g,Posudica,Eridanous,1.69,3.38,4056489130444,Hrana,1.69
MSC Fileti haringe u umaku SK20,0012408,0.2,200g,Limenka,Nixe,1.49,7.45,4056489431053,Hrana,1.49
MSC Fileti haringe u umaku SK20,0012408,0.2,200g,Limenka,Nixe,1.49,7.45,4056489431060,Hrana,1.49
Pizza margherita,0012473,0.9,3x300g,Kart. na prekl.,Trattoria Alfredo,5.29,5.88,4056489443025,Hrana,5.29
Premium jogurt SK15,0012564,0.15,150g,Posudica,Milbona,1.09,7.27,20046880,Hrana,1.09
Basmati riža,0012591,1,1kg,Samost.vreca,Golden Sun,2.29,2.29,4335619009622,Hrana,2.29
Provansalska mješavina zaèina,0012869,0.02,20g,Staklo,Kania,1.09,1.09,4056489416661,Hrana,1.09
Suhe brusnice,0012969,0.2,200g,Vrecica,Alesto Selection,2.15,10.75,20150907,Hrana,2.15
"Mješavina keksa SK1, UTZ",0018682,0.45,"400g,500g",Vrecica,Sondey,3.49,6.98,20005429,Hrana,3.49
"Mješavina keksa SK1, UTZ",0018682,0.45,"400g,500g",Vrecica,Sondey,3.49,8.73,20058623,Hrana,3.49
Baguette pecivo SK1,0021282,0.3,300g,Vrecica,Tastino,0.99,3.3,4056489124177,Hrana,0.99
Sredstvo za èišæenje poda SK17,0021341,1.01,1l,PET-Boca,W5,1.85,1.85,20644284,Sredstva za èišæenje,1.85
Glazura za torte 6kom. SK4,0021781,0.072,72g,Pakovanje,Belbake,0.99,13.75,4056489546900,Hrana,0.99
Prawn Crackers,0021860,0.1,100g,Vrecica,Vitasia,1.59,15.9,20255428,Hrana,1.59
Sladoled štapiæ èok.-vanilija,0021909,0.504,6x120ml,Kart. na prekl.,Bon Gelati,4.99,6.93,4056489375067,Hrana,4.99
Sladoled štapiæ SK7,0021940,0.219,3x110ml,Kart. na prekl.,Gelatelli,2.19,6.64,20000271,Hrana,2.19
Sladoled Twin Set,0021951,0.45,6x120ml,Kart. na prekl.,Gelatelli,2.99,4.15,20180218,Hrana,2.99
Špagete Tricolore,0022109,0.5,500g,Vrecica,Italiamo,1.69,3.38,20122580,Hrana,1.69
Original tal. ocat Balsamico ,0022471,0.55,"0,5l",Boca,Acentino,1.99,3.98,20087586,Hrana,1.99
Baguettes-francuz SK5,0022918,0.35,2x175g,Vrecica,Chef Select,2.79,7.97,20001612,Hrana,2.79
Mesni naresci SK2,0024325,0.1,100g,Atmos-Pakiranje,Alpenfest,1.89,18.9,20231897,Hrana,1.89
"Lassi tekuæi jogurt 3,5% SK2",0024629,0.25,250g,Posudica,Vitasia,0.99,3.96,20224820,Hrana,0.99
"Lassi tekuæi jogurt 3,5% SK2",0024629,0.25,250g,Posudica,Vitasia,0.99,3.96,20224844,Hrana,0.99
"Lassi tekuæi jogurt 3,5% SK2",0024629,0.25,250g,Posudica,Vitasia,0.99,3.96,4304493262034,Hrana,0.99
"Lassi tekuæi jogurt 3,5% SK2",0024629,0.25,250g,Posudica,Vitasia,0.99,3.96,4304493262041,Hrana,0.99
Corte alle Mura Chianti Riserva,0024692,0.75,"0,75l",Boca,,4.99,6.65,8002793024463,Piæe,4.99
Gotovo jelo SK33,0024750,0.4,400g,Atmos-Posudica,Culinea,4.28,10.7,4335619201163,Hrana,4.28
Aceto Balsamico SK1,0024845,0.274,250ml,Boca,Italiamo,1.99,7.96,20225018,Hrana,1.99
Aceto Balsamico SK1,0024845,0.274,250ml,Boca,Italiamo,1.99,7.96,4056489440680,Hrana,1.99
Aceto Balsamico SK1,0024845,0.274,250ml,Boca,Italiamo,1.99,7.96,4056489440697,Hrana,1.99
Trans. sprej za sunèanje ZF 30,0024972,0.151,200ml,Limenka,Cien Sun,5.99,29.95,20546526,Kozmetika,5.99
Trans. sprej za sunèanje ZF 30,0024972,0.151,200ml,Limenka,Cien Sun,5.99,29.95,4056489182542,Kozmetika,5.99
Trans. sprej za sunèanje ZF 30,0024972,0.151,200ml,Limenka,Cien Sun,5.99,29.95,4056489368311,Kozmetika,5.99
Uljni sprej za sunèanje ZF 6,0024984,0.226,250ml,PET-Boca,Cien Sun,5.49,21.96,4335619166004,Kozmetika,5.49
MSC Fileti lososa [Gorbuscha],0026947,0.25,250g,Kart. na prekl.,Ocean Sea,4.85,19.4,20174552,Hrana,4.85
Èetkice za zube Classic Care SK5,0027020,0.051,4komad,Pakovanje,Dentalux,0.89,0.22,20060046,Kozmetika,0.89
"Trajno mlijeko bez lakt. 1,5% m.m.",0027036,1.028,1l,Pakovanje,Milbona,1.39,1.39,4056489532804,Hrana,1.39
Prekooceanska mini vina SK9,0027309,0.25,"0,25l",Boca,Cimarosa,1.89,7.56,4056489309178,Piæe,1.89
Djeèja krema za sunèanje ZF 50+,0027375,0.102,100ml,Tuba,Cien Sun,2.49,24.9,4056489368342,Kozmetika,2.49
Mini Mix Sladoled na štapiæu SK6,0027551,0.432,12x50ml,Kart. na prekl.,Gelatelli,6.39,10.65,4056489375142,Hrana,6.39
Bordeaux AOP Superieur,0027697,0.75,"0,75l",Boca,-,3.99,5.32,4056489790723,Piæe,3.99
American style snack box,0027917,0.45,450g,Kart. na prekl.,MCENNEDY,4.19,9.31,20532550,Hrana,4.19
Zaèini,0028001,0.014,"12,5g,15g",Staklo,Kania,1.85,1.85,20226565,Hrana,1.85
Tamna èok. s malinom,0028132,0.125,125g,Tabla,J.D. Gross,2.99,23.92,20177201,Hrana,2.99
Teddy's Hit grickalice,0028354,0.125,125g,Vrecica,Snack Day,1.79,14.32,4335619150898,Hrana,1.79
Kukuruz u zrnu (OM 285g),0028424,0.34,425ml,Limenka,Freshona,1.09,3.82,20135546,Hrana,1.09
Flaster SK7,0028901,0.023,"20komad,40komad",Pakovanje,Sensiplast,0.89,0.04,20123956,Proizvodi za kuæanstvo,0.89
Flaster SK7,0028901,0.023,"20komad,40komad",Pakovanje,Sensiplast,0.89,0.02,4042441018424,Proizvodi za kuæanstvo,0.89
Flaster SK7,0028901,0.023,"20komad,40komad",Pakovanje,Sensiplast,0.89,0.04,4042441018448,Proizvodi za kuæanstvo,0.89
Flaster SK7,0028901,0.023,"20komad,40komad",Pakovanje,Sensiplast,0.89,0.02,4056489235590,Proizvodi za kuæanstvo,0.89
Flaster SK7,0028901,0.023,"20komad,40komad",Pakovanje,Sensiplast,0.89,0.04,40895345,Proizvodi za kuæanstvo,0.89
Flaster SK7,0028901,0.023,"20komad,40komad",Pakovanje,Sensiplast,0.89,0.04,40895352,Proizvodi za kuæanstvo,0.89
Flaster SK7,0028901,0.023,"20komad,40komad",Pakovanje,Sensiplast,0.89,0.04,40895369,Proizvodi za kuæanstvo,0.89
Flaster SK7,0028901,0.023,"20komad,40komad",Pakovanje,Sensiplast,0.89,0.04,40895383,Proizvodi za kuæanstvo,0.89
"Slanutak u slanoj vodi, OM 240g",0028948,0.4,425ml,Limenka,Campo Largo,0.69,2.88,20166083,Hrana,0.69
Mladi grašak u rasolu (OM 265g),0029072,0.4,425ml,Limenka,Freshona,0.99,3.74,4056489668145,Hrana,0.99
Grana Padano,0029350,0.2,200g,Vrecica,Milbona,3.09,15.45,4056489258865,Hrana,3.79
"Dnevni ulošci s Aloe Vera, SK8",0029444,0.072,"26komad,32komad,45komad",Kart. na prekl.,Siempre,1.25,0.04,20069629,Proizvodi za kuæanstvo,1.25
Mango u sirupu,0029794,0.42,425ml,Limenka,Freshona,1.59,6.36,20115678,Hrana,1.59
Èokoladni listiæi SK4,0030861,0.125,125g,Pakovanje,Mister Choc,2.99,23.92,20419219,Hrana,2.99
"Cola, 1,5l",0031502,1.559,"1,5l",PET-Boca,Freeway,1.15,0.77,4304493269125,Piæe,1.15
Èokolada SK2,0031870,0.1,100g,Tabla,Alpenfest,1.09,10.9,20236274,Hrana,1.09
Cola,0032092,0.342,"0,33l",Limenka,Freeway,0.69,2.09,4304493264717,Piæe,0.69
"Mini-Napolitanke, UTZ",0032168,0.26,4x65g,Pakovanje,Sondey,1.39,5.35,20856885,Hrana,1.39
"Svijetlo pivo 4,9%",0032276,0.503,"0,5l",Boca,Perlenbacher,0.99,1.98,20232122,Piæe,0.99
Snack kobasica Tirolska SK3,0032325,0.15,150g,Atmos-Pakiranje,Alpenfest,1.99,13.27,20242664,Hrana,1.99
Snack kobasica Tirolska SK3,0032325,0.15,150g,Atmos-Pakiranje,Alpenfest,1.99,13.27,22288860,Hrana,1.99
Superieur èok. štapiæi SK14,0032577,0.2,200g,Kart. na prekl.,J.D. Gross,4.69,23.45,20099787,Hrana,4.69
Èile Merlot (EUA),0034519,0.75,"0,75l",Boca,Cimarosa,3.49,4.65,4304493261563,Piæe,3.49
Austr. Chardonnay Colombard,0034525,0.75,"0,75l",Boca,Cimarosa,3.59,4.79,20245122,Piæe,3.59
"Tortilla èips SK1, SK5, SK6",0034632,0.15,150g,Vrecica,Snack Day,1.19,7.93,4056489452423,Hrana,1.19
Sladoled štapiæ Schoko Crisp,0034633,0.084,120ml,Pakovanje,Gelatelli,1.19,9.92,20219895,Hrana,1.19
Yogurt SK4,0036211,0.15,150g,Posudica,MCENNEDY,0.69,4.6,20252816,Hrana,0.89
Yogurt SK4,0036211,0.15,150g,Posudica,MCENNEDY,0.69,4.6,20252878,Hrana,0.89
Tempranillo la Mancha DO Barrica,0036258,0.75,"0,75l",Boca,Mezquiriz,2.29,3.05,20253721,Piæe,2.29
"Prutiæi za maèke SK4, 50g",0038491,0.05,50g,Pakovanje,Coshida,1.39,27.8,20166854,Proizvodi za kuæanstvo,1.39
"Prutiæi za maèke SK4, 50g",0038491,0.05,50g,Pakovanje,Coshida,1.39,27.8,4056489142478,Proizvodi za kuæanstvo,1.39
"Prutiæi za maèke SK4, 50g",0038491,0.05,50g,Pakovanje,Coshida,1.39,27.8,4056489142485,Proizvodi za kuæanstvo,1.39
Pasta za zube SK9,0038752,0.155,125ml,Tuba,Dentalux,1.05,8.4,4056489708377,Kozmetika,1.05
Pasta za zube SK9,0038752,0.155,125ml,Tuba,Dentalux,1.05,8.4,4056489751564,Kozmetika,1.05
"Tamponi, razne vrste 56-80 kom. SK8",0038769,0.178,"56komad,64komad,80komad",Kart. na prekl.,Siempre,3.69,0.05,4056489722960,Proizvodi za kuæanstvo,3.69
"Tamponi, razne vrste 56-80 kom. SK8",0038769,0.178,"56komad,64komad,80komad",Kart. na prekl.,Siempre,3.69,0.07,4056489849018,Proizvodi za kuæanstvo,3.69
Neo sladoled keks SK2,0038930,0.176,4x70ml,Kart. na prekl.,Gelatelli,1.59,5.68,20550363,Hrana,1.59
Zapeèeni grah u umaku od rajèice,0038980,0.415,425ml,Limenka,Freshona,0.99,2.36,20517007,Hrana,0.99
Balsamico umak SK5,0039128,0.316,250ml,PET-Boca,Italiamo,1.39,5.56,4056489441014,Hrana,1.39
Predjela na talijanski naèin SK16,0039135,0.288,"285g,300g",Staklo,Italiamo,2.29,8.04,20416669,Hrana,2.29
Predjela na talijanski naèin SK16,0039135,0.288,"285g,300g",Staklo,Italiamo,2.29,8.04,20416683,Hrana,2.29
Kinder Milchschnitte,0039221,0.28,10x28g,Pakovanje,,4.49,16.04,4008400191423,Hrana,4.49
Aioli umak,0039239,0.2,200g,Posudica,Sol&Mar,1.19,5.95,20215415,Hrana,1.59
Zaèini SK3,0039567,0.046,"35g,45g,65g",PET-Boca,Vitasia,0.99,1.52,20400897,Hrana,0.99
Suha hrana za maèke 2 kg SK17,0039750,2,2kg,Vrecica,Coshida,3.45,1.73,4056489714781,Proizvodi za kuæanstvo,3.45
Suha hrana za maèke 2 kg SK17,0039750,2,2kg,Vrecica,Coshida,3.45,1.73,4056489781790,Proizvodi za kuæanstvo,3.45
Kuhinjska jodirana sol,0039899,0.5,500g,Kart. na prekl.,ChanteSel,0.35,0.7,20044350,Hrana,0.35
Bourbon Whiskey 40% Vol.,0039987,0.664,"0,7l",Boca,Western Gold,9.99,14.27,4304493262362,Piæe,9.99
Bourbon Whiskey 40% Vol.,0039987,0.664,"0,7l",Boca,Western Gold,9.99,14.27,4304493264625,Piæe,9.99
Asia umaci SK6,0040086,0.284,250ml,Boca,Vitasia,1.49,5.96,4056489002680,Hrana,1.49
Asia umaci SK6,0040086,0.284,250ml,Boca,Vitasia,1.49,5.96,4056489378914,Hrana,1.49
Sladoled štapiæ vanilija,0043973,0.084,120ml,Pakovanje,Gelatelli,0.99,8.25,20255145,Hrana,0.99
Merlot del Veneto IGT rosso,0044034,1.5,"1,5l",Boca,CASALE AI CAMPI,3.99,2.66,4056489222804,Piæe,3.99
Kornet jagoda-vanilija (76g),0044152,0.077,120ml,Pakovanje,Gelatelli,0.69,5.75,20332921,Hrana,0.69
Bijele peèenice,0044220,1,1kg,Vakumir. pakov.,Grillmeister,6.69,6.69,4056489141488,Hrana,6.69
Kuhana šunka,0047079,0.125,125g,Atmos-Pakiranje,Dulano Selection,2.29,18.32,20268251,Hrana,2.29
Krem namaz SK5,0047428,0.2,200g,Staklo,Mister Choc,2.29,11.45,20266936,Hrana,2.29
Krem namaz SK5,0047428,0.2,200g,Staklo,Mister Choc,2.29,11.45,20438982,Hrana,2.29
Brioche pletenica,0049702,0.6,600g,Pakovanje,Duc de Coeur,3.79,6.32,20501006,Hrana,3.79
Šumeæe tablete kalcij,0051522,0.09,90g,Limenka,Optisana,1.15,12.78,20289126,Hrana,1.15
Riža na mlijeku SK4,0051988,0.2,200g,Posudica,Pilos,0.79,3.95,20277697,Hrana,0.79
Riža na mlijeku SK4,0051988,0.2,200g,Posudica,Pilos,0.79,3.95,20442859,Hrana,0.79
Riža na mlijeku SK4,0051988,0.2,200g,Posudica,Pilos,0.79,3.95,20552046,Hrana,0.79
Suhe smokve,0052237,0.25,250g,Pakovanje,Alesto,2.09,8.36,20276119,Hrana,2.09
Suhe smokve,0052237,0.25,250g,Pakovanje,Alesto,2.09,8.36,4056489166948,Hrana,2.09
Korneti 6 kom. SK1,0054742,0.45,6x120ml,Kart. na prekl.,Gelatelli,2.99,4.15,4335619207868,Hrana,2.99
Tortilla èips XXL SK2,0054771,0.375,375g,Vrecica,Snack Day,1.99,5.31,20294830,Hrana,1.99
Ekstra djevièansko masl. u. s Krete,0054826,0.687,750ml,Boca,Eridanous,7.99,10.65,20293604,Hrana,7.99
Tekuæi jogurt XXL SK1,0055501,1,1kg,PET-Boca,Milbona,1.89,1.89,4304493261761,Hrana,1.89
"Èajno pecivo SK2, UTZ",0055526,0.3,300g,Kart. na prekl.,Sondey,2.75,9.17,20302986,Hrana,2.75
Ragolds Punjeni bomboni SK5,0055579,0.034,"33,6g",Pakovanje,,0.59,0.59,4014600115091,Hrana,0.59
Ledena kava SK6,0058658,0.261,250ml,Posudica,Milbona,1.09,4.36,20310127,Hrana,1.09
Ledena kava SK6,0058658,0.261,250ml,Posudica,Milbona,1.09,4.36,20310141,Hrana,1.09
Extra hrskavi èips SK8,0059344,0.125,125g,Vrecica,Snack Day,1.39,11.12,20611996,Hrana,1.39
Maslac,0059587,0.25,250g,Pakovanje,Pilos,2.49,9.96,20139049,Hrana,2.75
Grèki zaèini SK5,0060253,0.041,"35g,40g,50g",Limenka,Eridanous,0.79,15.8,20550097,Hrana,0.79
Grèki zaèini SK5,0060253,0.041,"35g,40g,50g",Limenka,Eridanous,0.79,15.8,20656454,Hrana,0.79
Grèki zaèini SK5,0060253,0.041,"35g,40g,50g",Limenka,Eridanous,0.79,15.8,4056489644262,Hrana,0.79
Grèki zaèini SK5,0060253,0.041,"35g,40g,50g",Limenka,Eridanous,0.79,22.57,4056489644286,Hrana,0.79
Grèki zaèini SK5,0060253,0.041,"35g,40g,50g",Limenka,Eridanous,0.79,19.75,4056489723639,Hrana,0.79
Grèki zaèini SK5,0060253,0.041,"35g,40g,50g",Limenka,Eridanous,0.79,15.8,4056489723639,Hrana,0.79
"Festbier 5,5%",0060604,0.5,"0,5l",Limenka,Perlenbacher,0.79,1.58,4304493269897,Piæe,0.79
Dezodorans SK21,0062781,0.117,200ml,Limenka,Cien,1.29,6.45,20321055,Kozmetika,1.29
Dezodorans SK21,0062781,0.117,200ml,Limenka,Cien,1.29,6.45,20655853,Kozmetika,1.29
Dezodorans muški SK15,0062785,0.124,200ml,Limenka,Cien MEN,1.29,6.45,20549930,Kozmetika,1.29
Dezodorans muški SK15,0062785,0.124,200ml,Limenka,Cien MEN,1.29,6.45,20980177,Kozmetika,1.29
Snack-Mix ,0062822,0.25,250g,Pakovanje,Snack Day,1.79,7.16,20327842,Hrana,1.79
Baguette 6er SK2,0062848,0.75,750g,Kart. na prekl.,Trattoria Alfredo,4.99,6.65,4056489451167,Hrana,4.99
Picco Pizzi šunka/salama SK1,0063013,0.36,360g,Kart. na prekl.,Trattoria Alfredo,3.99,11.08,20279868,Hrana,3.99
Picco Pizzi šunka/salama SK1,0063013,0.36,360g,Kart. na prekl.,Trattoria Alfredo,3.99,11.08,4056489442950,Hrana,3.99
Hrana za maèke mousse 4x85g,0063422,0.34,340g,Kart. na prekl.,Coshida Selection,2.49,7.32,20338343,Proizvodi za kuæanstvo,2.49
Wok povræe SK2,0065136,0.6,600g,Vrecica,Vitasia,2.29,3.82,20320430,Hrana,2.59
Mj. indijskih ora. i kikirikija SK2,0065163,0.2,200g,Vrecica,Alesto,2.29,11.45,20333744,Hrana,2.29
Sok od jabuke 100% XXL,0065368,2.09,2l,Pakovanje,Solevita,2.49,1.25,20341046,Piæe,2.49
Müsli voæni SK1,0065568,1,1000g,Vrecica,Crownfield,3.49,3.49,4056489940203,Hrana,3.49
Krema za ruke SK6,0065854,0.109,"125ml,75ml",Tuba,Cien,1.19,9.52,20864811,Kozmetika,1.19
Krema za ruke SK6,0065854,0.109,"125ml,75ml",Tuba,Cien,1.19,9.52,4056489234081,Kozmetika,1.19
Odstr. laka za nokte bez acet. SK8,0065975,0.173,200ml,Dozator,Cien,1.99,9.95,20336790,Kozmetika,1.99
Odstr. laka za nokte bez acet. SK8,0065975,0.173,200ml,Dozator,Cien,1.99,9.95,4056489320722,Kozmetika,1.99
Šunka narezana XXL,0065989,0.25,250g,Atmos-Pakiranje,Dulano,3.69,14.76,4056489114758,Hrana,3.69
Gel / piling za pranje lica SK10,0067420,0.153,150ml,Tuba,Cien,1.39,9.27,20351519,Kozmetika,1.39
Rošilj kobasice SK7,0067627,0.25,250g,Vakumir. pakov.,Grillmeister,2.59,10.36,20348496,Hrana,2.59
"Jastuèiæi punj. noug., vanil. SK44 ",0067777,0.375,375g,Vrecica,Crownfield,1.79,4.77,20364540,Hrana,1.99
Alpenstern Limburger Sir SK4,0068296,0.2,200g,Pakovanje,,3.99,19.95,4101430016558,Hrana,3.19
Pljeskavice XXL SK1,0068460,0.6,600g,Atmos-Pakiranje,Dulano,4.29,7.15,20339579,Hrana,4.29
Hamburger pecivo sa sjemenkama,0069994,0.3,300g,Vrecica,MCENNEDY,0.99,3.3,20364045,Hrana,0.99
Temeljac SK2,0070146,0.14,140g,Staklo,Kania,1.49,10.64,20366018,Hrana,1.49
"Tekuæi jogurt Proviact 1,0%",0070696,0.33,330g,PET-Boca,Pilos,0.95,2.88,4304493260139,Hrana,0.95
Mini prutiæi ,0070702,0.5,500g,Pakovanje,Mister Choc,4.39,8.78,4056489730309,Hrana,4.39
Ledena kava XXL SK1,0070916,0.399,380ml,PET-Boca,Milbona,1.09,2.87,4304493261990,Hrana,1.09
Dip umak SK2,0072097,0.35,350ml,PET-Boca,Kania,2.29,6.54,20382025,Hrana,2.29
Instant tjestenina SK1,0073974,0.054,"44g,50g,57g,66g",Posudica,Vitasia,1.29,29.32,20387365,Hrana,1.29
Instant tjestenina SK1,0073974,0.054,"44g,50g,57g,66g",Posudica,Vitasia,1.29,25.8,4056489192220,Hrana,1.29
Instant tjestenina SK1,0073974,0.054,"44g,50g,57g,66g",Posudica,Vitasia,1.29,19.55,4056489192237,Hrana,1.29
Instant tjestenina SK1,0073974,0.054,"44g,50g,57g,66g",Posudica,Vitasia,1.29,22.63,4056489192244,Hrana,1.29
Preljev za slastice SK2,0074717,0.3,300g,PET-Boca,Gelatelli,1.79,5.97,20565251,Hrana,1.79
Slani pereci,0075027,0.25,250g,Vrecica,Snack Day,0.99,3.96,4056489439998,Hrana,0.99
Grèki jogurt SK2,0077784,0.5,4x125g,Posudica,Milbona,1.99,3.98,20816636,Hrana,1.99
Tiramisu SK4,0077850,0.16,2x80g,Posudica,Italiamo,1.59,9.94,20401764,Hrana,1.59
Multivitaminski sok 12%,0078019,2.904,"14x0,2l",Pakovanje,Solevita,5.69,2.03,20415655,Piæe,5.69
Kukuruz šeæerac,0079520,0.45,450g,Vrecica,Freshona,1.49,3.31,4056489962427,Hrana,1.49
Hamburger/Hot Dog peciva SK14,0079870,0.278,"250g,300g",Vrecica,Tastino,1.19,4.76,4056489846994,Hrana,1.19
Carinena Gran Reserva vino,0079897,0.75,"0,75l",Boca,Monte Plogar,3.99,5.32,20427894,Piæe,3.99
Mrkva svežanj,0082781,0.541,1komad,Svezanj,,0.99,0.99,20487706,Hrana,0.99
Cikla,0082825,0.5,500g,Pakovanje,,1.59,3.18,20247942,Hrana,1.59
Cikla,0082825,0.5,500g,Pakovanje,,1.59,3.18,8413567021050,Hrana,1.59
Brokula 500g,0082904,0.5,500g,Pakovanje,,1.49,2.98,3858893060024,Hrana,1.49
Šampinjoni smeði 250g,0083006,0.25,250g,Pakovanje,,1.29,5.16,3858893060116,Hrana,1.29
Šampinjoni smeði 250g,0083006,0.25,250g,Pakovanje,,1.29,5.16,3859889614245,Hrana,1.29
Šampinjoni 250g,0083015,0.25,250g,Pakovanje,,1.19,4.76,3859889614139,Hrana,1.19
Shiitake,0083055,0.1,100g,Pakovanje,,1.69,16.9,3859889614795,Hrana,1.69
Krumpir 5kg BOKS,0083247,5,5kg,Pakovanje,,3.99,0.8,20306229,Hrana,3.99
Luk crveni 1kg,0083331,1,1kg,Pakovanje,,0.94,0.94,20242299,Hrana,0.83
Bio tikvica 500g,0084545,0.5,500g,Pakovanje,,1.19,2.38,4005817079610,Hrana,1.69
Bio zaèinsko bilje,0084647,0,1komad,Lonac,,1.19,1.19,4335619150133,Hrana,1.49
Bio zaèinsko bilje,0084647,0,1komad,Lonac,,1.19,1.19,8024122760002,Hrana,1.49
"Voæni jogurt 2,8% m.m., SK2",0086883,0.15,150g,Posudica,Pilos,0.37,2.47,20280246,Hrana,0.37
Svježi cappelletti sort. SK3,0087019,0.25,250g,Vrecica,Deluxe,2.29,9.16,20438319,Hrana,2.29
Sjajilo za obuæu SK3,0087031,0.075,1komad,Nepakirano,W5,1.29,1.29,20439095,Sredstva za èišæenje,1.29
Sirup SK26,0087297,0.903,"0,7l",PET-Boca,Solevita,1.99,2.84,4304493263024,Piæe,1.99
Bio dimljeni losos,0088225,0.1,100g,Pakovanje,Nautica,4.99,49.9,20442484,Hrana,4.99
Kaparske bobice,0088427,0.35,370ml,Staklo,Italiamo,1.59,4.3,20443559,Hrana,1.59
Šampon protiv prhuti SK10,0088436,0.3,300ml,PET-Boca,Cien,1.29,4.3,4056489688099,Kozmetika,1.29
Gumeni bomboni u obliku srca,0090295,0.5,500g,Limenka,Für Dich,3.09,6.18,4056489749615,Hrana,3.09
Gel za tuširanje 3u1 SK16,0091976,0.309,300ml,PET-Boca,Cien,1.05,3.5,20954888,Kozmetika,1.05
Krpe za domaæinstvo SK3,0092429,0.062,"5komad,6komad",Pakovanje,W5,1.19,0.2,20462482,Proizvodi za kuæanstvo,1.19
Èokoladni prutiæ Candy,0092691,0.04,40g,Pakovanje,Mister Choc,0.49,0.49,4056489730347,Hrana,0.49
Regenerator za kosu SK1 ,0092854,0.2,200ml,Tuba,Cien,2.19,10.95,4056489129769,Kozmetika,2.19
Bijela èok. s kok. i pš. pahulj.,0092925,0.2,200g,Tabla,Fin Carré,2.99,14.95,20481957,Hrana,2.99
Talijanski pesto sort. SK2,0092973,0.19,190g,Staklo,Deluxe,1.69,8.89,20621421,Hrana,1.69
Kremasti kefir SK4,0094282,0.25,250g,Posudica,Pilos,0.99,3.96,20490584,Hrana,0.99
Kremasti kefir SK4,0094282,0.25,250g,Posudica,Pilos,0.99,3.96,20713973,Hrana,0.99
Kremasti kefir SK4,0094282,0.25,250g,Posudica,Pilos,0.99,3.96,4056489110347,Hrana,0.99
Zaèini za kavu SK3,0097017,0.09,90g,Limenka,Deluxe,1.79,19.89,20515164,Hrana,1.79
Pizza šunka,0097157,0.33,330g,Kart. na prekl.,Trattoria Alfredo,2.69,8.15,20516727,Hrana,2.69
Zaèinsko ulje SK7,0097277,0.12,125ml,Boca,Deluxe,1.89,15.12,4056489821939,Hrana,2.39
Salami Slices,0097774,0.1,100g,Atmos-Pakiranje,Italiamo,1.79,17.9,20503604,Hrana,1.79
Hrana za maèke premium SK16,0097851,1.2,12x100g,Kart. na prekl.,Coshida,4.19,3.49,4056489142638,Proizvodi za kuæanstvo,4.19
o.b. Tamponi SK1,0099299,0.052,"54komad,64komad",Kart. na prekl.,,4.29,0.07,3574661582467,Proizvodi za kuæanstvo,4.29
o.b. Tamponi SK1,0099299,0.052,"54komad,64komad",Kart. na prekl.,,4.29,0.07,3574661582474,Proizvodi za kuæanstvo,4.29
Dimljena losos pastrva,0099488,0.1,100g,Pakovanje,Nautica,3.69,36.9,20573317,Hrana,3.69
Dimljena losos pastrva,0099488,0.1,100g,Pakovanje,Nautica,3.69,36.9,4056489144076,Hrana,3.69
BO Pivski perec sa sirom,0099773,0.103,100g,Rasuto,,0.59,5.9,20575885,Hrana,0.59
BENGAL El. ap. protiv komaraca nad.,0099899,0.09,1komad,Pakovanje,,3.49,3.49,8008090603233,Proizvodi za kuæanstvo,3.49
Kuhana šunka XXL,0105639,0.25,250g,Atmos-Pakiranje,Dulano,3.19,12.76,20586492,Hrana,3.19
Fondant masa SK1,0106499,0.25,250g,Pakovanje,Belbake,1.49,5.96,20601591,Hrana,1.49
Keksiæi u posudi SK1,0108652,0.6,600g,Limenka,Favorina,3.99,6.65,20615079,Hrana,3.99
Premium Sol u mlincu SK11,0108674,0.153,"180g,70g",Staklo,Deluxe,3.89,21.61,4056489864431,Hrana,3.89
Bio riža SK1,0109155,0.5,500g,Samost.vreca,Golden Sun,1.99,3.98,20620370,Hrana,1.99
Bio riža SK1,0109155,0.5,500g,Samost.vreca,Golden Sun,1.99,3.98,20620387,Hrana,1.99
Tekuæi puder SK7,0111947,0.034,30ml,Tuba,Cien,2.89,2.89,20065379,Kozmetika,2.89
Maskara SK5,0112001,0.014,10ml,Pakovanje,Cien,2.25,2.25,20668709,Kozmetika,2.25
Maslac za usne SK10,0112665,0.008,"3,3ml",Pakovanje,Cien,2.49,2.49,20009571,Kozmetika,2.49
Maslac za usne SK10,0112665,0.008,"3,3ml",Pakovanje,Cien,2.49,2.49,20009588,Kozmetika,2.49
Maslac za usne SK10,0112665,0.008,"3,3ml",Pakovanje,Cien,2.49,2.49,20907877,Kozmetika,2.49
Maslac za usne SK10,0112665,0.008,"3,3ml",Pakovanje,Cien,2.49,2.49,20907891,Kozmetika,2.49
Maslac za usne SK10,0112665,0.008,"3,3ml",Pakovanje,Cien,2.49,2.49,20955076,Kozmetika,2.49
Maslac za usne SK10,0112665,0.008,"3,3ml",Pakovanje,Cien,2.49,2.49,20955106,Kozmetika,2.49
"MSC Riblji štapiæi, 18 komada",0112834,0.45,450g,Kart. na prekl.,Ocean Sea,2.99,6.64,20703431,Hrana,2.99
MSC Panirana aljaška kolja,0114664,0.28,280g,Pakovanje,,4.29,15.32,4056489090632,Hrana,4.29
Sirni namaz SK27,0115249,0.11,"100g,125g",Pakovanje,Alpenfest,1.89,18.9,20476915,Hrana,1.79
"Vino blanco, Španjolsko bijelo vino",0115634,3,3l,Box,-,6.99,2.33,4056489815112,Piæe,6.99
"Gumene rukavice, 2 para SK3",0115731,0.04,4komad,Pakovanje,W5,0.99,0.25,4056489714712,Proizvodi za kuæanstvo,0.99
"Špinat cijeli list, smrznuti",0115961,0.45,450g,Vrecica,Chira,1.29,2.87,20493387,Hrana,1.29
Grissini SK4,0116673,0.25,250g,Kart. na prekl.,Italiamo,1.79,7.16,20669416,Hrana,1.79
Mini Mozzarella SK3,0116839,0.125,125g,Posudica,Milbona,1.39,11.12,4056489126881,Hrana,1.39
Pizza sa salamom XXL,0117021,1.4,4x350g,Kart. na prekl.,Trattoria Alfredo,7.47,5.34,20699390,Hrana,7.47
Pekarski krumpir XXL,0117024,1,1000g,Vrecica,Harvest Basket,2.19,2.19,20699406,Hrana,2.19
Sir Brie XXL,0117425,0.25,250g,Pakovanje,Milbona,2.25,9,4056489928591,Hrana,2.25
Mješavina sireva XXL,0117427,0.5,500g,Vrecica,Milbona,4.99,9.98,20724450,Hrana,4.99
Vafel s mlijeènom i lješnjak kremom,0117431,0.3,300g,Pakovanje,Sondey,2.49,8.3,20724252,Hrana,2.49
Djevièansko maslinovo ulje iz Grèke,0117821,0.75,750ml,Boca,Deluxe,8.99,11.99,20706784,Hrana,8.99
"BO Ciabatta classic, 300g",0118251,0.31,300g,Rasuto,,0.99,3.3,20714055,Hrana,0.99
Pommes Frites,0118593,0.75,750g,Vrecica,MCENNEDY,1.99,2.65,20724733,Hrana,1.99
Pommes Frites,0118593,0.75,750g,Vrecica,MCENNEDY,1.99,2.65,4056489166702,Hrana,1.99
Orijentalni specijaliteti SK3,0119097,0.4,400g,Kart. na prekl.,1001 delights,3.19,7.98,20793180,Hrana,3.19
Orijentalni zaèini SK1,0119146,0.074,"60g,65g,75g,80g,85g",Vrecica,1001 delights,1.19,1.59,20840013,Hrana,1.19
Orijentalni zaèini SK1,0119146,0.074,"60g,65g,75g,80g,85g",Vrecica,1001 delights,1.19,1.4,20840013,Hrana,1.19
Orijentalni zaèini SK1,0119146,0.074,"60g,65g,75g,80g,85g",Vrecica,1001 delights,1.19,1.98,20840044,Hrana,1.19
Orijentalni zaèini SK1,0119146,0.074,"60g,65g,75g,80g,85g",Vrecica,1001 delights,1.19,1.59,20840068,Hrana,1.19
Orijentalni zaèini SK1,0119146,0.074,"60g,65g,75g,80g,85g",Vrecica,1001 delights,1.19,1.4,20840068,Hrana,1.19
Orijentalni zaèini SK1,0119146,0.074,"60g,65g,75g,80g,85g",Vrecica,1001 delights,1.19,1.4,4056489936541,Hrana,1.19
Orijentalni zaèini SK1,0119146,0.074,"60g,65g,75g,80g,85g",Vrecica,1001 delights,1.19,1.98,4056489936558,Hrana,1.19
Orijentalni zaèini SK1,0119146,0.074,"60g,65g,75g,80g,85g",Vrecica,1001 delights,1.19,1.59,4056489936558,Hrana,1.19
Španjolska riža u mlijeku,0119239,0.52,4x130g,Pakovanje,Sol&Mar,1.49,2.87,20827915,Hrana,1.79
Olovka za oèi / obrve SK2 ,0119367,0.002,1komad,Pakovanje,Cien,1.49,1.49,20009922,Kozmetika,1.49
Bio mahunarke SK3,0119562,0.5,500g,Samost.vreca,Golden Sun,1.99,3.98,20760113,Hrana,1.99
Bio mahunarke SK3,0119562,0.5,500g,Samost.vreca,Golden Sun,1.99,3.98,4335619062368,Hrana,1.99
Chang pivo 5%,0119567,0.33,330ml,Limenka,,0.99,3,8720663431752,Piæe,0.64
Chang pivo 5%,0119567,0.33,330ml,Limenka,,0.99,3,8851994523011,Piæe,0.64
Balzam za usne SK5,0119613,0.005,1komad,Pakovanje,Cien,0.99,0.99,20760403,Kozmetika,0.99
Balzam za usne SK5,0119613,0.005,1komad,Pakovanje,Cien,0.99,0.99,20760410,Kozmetika,0.99
Zeleni èaj UTZ SK21,0119798,0.044,"25x1,75g",Kart. na prekl.,Lord Nelson,1.29,1.29,20097028,Piæe,1.29
Zeleni èaj UTZ SK21,0119798,0.044,"25x1,75g",Kart. na prekl.,Lord Nelson,1.29,1.29,20382537,Piæe,1.29
Riesling Washington State,0122092,0.75,"0,75l",Boca,Cimarosa,4.99,6.65,4056489019497,Piæe,4.99
Riesling Washington State,0122092,0.75,"0,75l",Boca,Cimarosa,4.99,6.65,4056489440055,Piæe,4.99
Tamna èokolada s 95% kakaa,0122201,0.125,125g,Pakovanje,J.D. Gross,3.69,29.52,20815882,Hrana,3.69
Mozzarella ribana XXL,0122300,0.5,500g,Vrecica,Milbona,4.39,8.78,20816315,Hrana,4.39
Mozzarella ribana XXL,0122300,0.5,500g,Vrecica,Milbona,4.39,8.78,4056489203391,Hrana,4.39
Limun/Èokol. desert SK2,0122380,0.475,"450g,500g",Pakovanje,Deluxe,3.79,7.58,20553043,Hrana,3.79
Sauvignon Blanc Semillon,0123715,0.75,"0,75l",Boca,Cimarosa,2.99,3.99,4056489010043,Piæe,2.99
Riblji filet Gourmet SK3,0124486,0.25,250g,Kart. na prekl.,Ocean Sea,2.69,10.76,20006808,Hrana,2.69
Kvinoja SK1,0127163,0.4,400g,Kart. na prekl.,Golden Sun,2.89,7.23,20897666,Hrana,2.89
Orahnjaèa,0127582,0.3,295g,Rasuto,,2.19,7.42,20903497,Hrana,2.19
BO Mini Calzone,0127696,0.12,110g,Rasuto,,1.39,12.64,20907075,Hrana,1.39
Glossy Gel Lak za nokte SK18,0128299,0.011,11ml,Boca,Cien Beauty,1.15,1.15,20081355,Kozmetika,1.15
Glossy Gel Lak za nokte SK18,0128299,0.011,11ml,Boca,Cien Beauty,1.15,1.15,4056489269823,Kozmetika,1.15
Glossy Gel Lak za nokte SK18,0128299,0.011,11ml,Boca,Cien Beauty,1.15,1.15,4056489269830,Kozmetika,1.15
Glossy Gel Lak za nokte SK18,0128299,0.011,11ml,Boca,Cien Beauty,1.15,1.15,4056489369028,Kozmetika,1.15
Topljeni sir XXL,0128667,0.533,533g,Pakovanje,Milbona,4.49,8.42,20919214,Hrana,4.49
Grandioso puding SK7,0128681,0.175,175g,Posudica,Milbona,0.69,3.94,20897956,Hrana,0.69
Grandioso puding SK7,0128681,0.175,175g,Posudica,Milbona,0.69,3.94,4056489656166,Hrana,0.69
File lososa s kožom,0129024,0.5,500g,Plitica,,8.49,16.98,20933876,Hrana,8.49
Veganska pizza SK1,0129141,0.37,"350g,390g",Kart. na prekl.,Vemondo,1.59,4.08,20864842,Hrana,1.59
Veganska pizza SK1,0129141,0.37,"350g,390g",Kart. na prekl.,Vemondo,1.59,4.08,4056489451044,Hrana,1.59
Papirnati tanjuri,0131406,0.156,20komad,Pakovanje,Grillmeister,1.79,0.09,4056489021179,Proizvodi za kuæanstvo,1.79
Sushi Family Tray Sapporo,0131457,0.463,"462,5g",Pakovanje,Chef Select TO GO,7.99,17.28,20984137,Hrana,7.99
Vreæice za zamrzavanje [50µ] SK2,0131735,0.127,"15komad,20komad",Pakovanje,Aromata,1.85,0.09,20991326,Proizvodi za kuæanstvo,1.85
"Bio kašica tjest., šunka i povræe",0131995,0.22,220g,Staklo,Lupilu,1.09,4.95,20995911,Hrana,1.09
Njega za zube SK12,0132608,0.052,"1komad,6komad",Pakovanje,Dentalux,1.58,1.58,20525101,Kozmetika,1.99
Njega za zube SK12,0132608,0.052,"1komad,6komad",Pakovanje,Dentalux,1.58,1.58,20525118,Kozmetika,1.99
Argentinski Malbec Mendoza (EUA),0132659,0.75,"0,75l",Boca,Cimarosa,3.99,5.32,4304493263550,Piæe,3.99
Radler,0132841,0.513,"0,5l",Limenka,Perlenbacher,0.59,1.18,4304493268890,Piæe,0.69
Losion za bebe,0135360,0.491,500ml,PET-Boca,Lupilu,2.65,5.3,4056489241867,Kozmetika,2.65
Zaèinski mlinac SK64,0135864,0.035,35g,Staklo,Kania,1.99,1.99,20046804,Hrana,1.99
Tekuæi det. za pr. rublja SK1 27pr.,0136086,1.53,"1,485l",PET-Boca,Formil,3.85,0.14,4056489186601,Sredstva za èišæenje,3.85
Tekuæi det. za pr. rublja SK1 27pr.,0136086,1.53,"1,485l",PET-Boca,Formil,3.85,0.14,40893327,Sredstva za èišæenje,3.85
Tekuæi det. za pr. rublja SK1 27pr.,0136086,1.53,"1,485l",PET-Boca,Formil,3.85,2.59,40893327,Sredstva za èišæenje,3.85
Tekuæi det. za pr. rublja SK1 27pr.,0136086,1.53,"1,485l",PET-Boca,Formil,3.85,2.59,40893334,Sredstva za èišæenje,3.85
Jednokratne rukavice SK3,0136355,0.373,100komad,Kart. na prekl.,W5,5.99,0.06,20089368,Proizvodi za kuæanstvo,5.99
Sladoled na štapiæu pitaja,0136376,0.288,8x50ml,Kart. na prekl.,Vitasia,2.79,6.98,20104375,Hrana,2.29
Prirodni regenerator za kosu SK3,0136838,0.25,250ml,PET-Boca,Cien,1.79,7.16,4056489254768,Kozmetika,1.79
Craft pivo SK1,0137230,0.5,"0,5l",Limenka,-,1.39,2.78,4054500140939,Piæe,1.29
Žvakaæe gume SK1,0137289,0.098,98g,Limenka,Jetgum,1.49,15.2,20091866,Hrana,1.49
Baby pelene gaæice maxi,0139322,0.68,22komad,Pakovanje,Lupilu,4.75,0.22,20182915,Proizvodi za kuæanstvo,4.75
Zeleni èaj RFA SK1,0140030,0.044,"25x1,75g",Kart. na prekl.,Vitasia,1.09,1.09,4056489350910,Piæe,0.99
Svježi sir SK16,0140323,0.3,300g,Posudica,Milbona,1.99,6.63,4335619134256,Hrana,1.99
Alpro Napitak od badema bez šeæera,0141361,1,1l,Pakovanje,,1.99,1.99,5411188112709,Hrana,1.99
Pure Taste Suha hrana za maèke SK1 ,0141827,0.4,400g,Vrecica,Coshida Pure Taste,1.99,4.98,4056489017127,Proizvodi za kuæanstvo,1.99
Cocktail Mango 5% Vol.,0144250,0.75,"0,75l",Boca,Allini,2.99,3.99,4056489847823,Piæe,2.99
Camembert XXL,0144417,0.275,275g,Pakovanje,Chêne d' Argent,2.49,9.05,4056489032373,Hrana,2.49
Višekratna mrežica za voæe i povræe,0144601,0.015,2komad,Pakovanje,-,0.89,0.45,4056489224341,Proizvodi za kuæanstvo,0.89
"Alpen Dry Gin 43,3% Vol.",0148630,1.21,"0,7l",Boca,,8.29,11.84,4056489167396,Piæe,7.99
Mortadella XXL,0148719,0.25,250g,Atmos-Pakiranje,Dulano Selection,3.19,12.76,4056489168041,Hrana,3.19
"Salama goveða, per., dimljena SK1",0149371,0.115,"100g,130g",Atmos-Pakiranje,Dulano,1.99,19.9,4056489182627,Hrana,1.99
Bio èaj SK2,0149602,0.038,"20x1,8g,20x2g",Kart. na prekl.,Lord Nelson,1.99,1.99,4056489182290,Piæe,1.99
Premium biljni liker 38%,0149604,0.7,"0,7l",Boca,Jagdstolz,6.39,9.13,4304493264854,Piæe,6.39
"Orašasti plodovi, kandirani SK3",0150218,0.2,200g,Vrecica,Alpenfest,2.19,10.95,4056489201809,Hrana,2.19
"Tek. deterdž., konc., 28pranja SK5 ",0151372,1.036,1l,PET-Boca,Formil,3.99,0.14,4056489441786,Sredstva za èišæenje,3.99
Deterdžent za pranje rublja 50pr.,0151385,3.75,"3,75kg",Pakovanje,Maxitrat,4.69,1.25,4056489225393,Sredstva za èišæenje,5.69
Deterdžent za pr. oboj. rublja 50pr,0151387,3.75,"3,75kg",Pakovanje,Maxitrat,5.69,0.11,4056489940326,Sredstva za èišæenje,5.69
Maxi Mix sladoleda XXL,0154475,0.672,8x120ml,Kart. na prekl.,Gelatelli,5.49,5.72,4056489279174,Hrana,5.49
Zaèini SK1,0154517,0.127,"100g,120g,140g,130g",Limenka,Kania,1.69,14.08,4056489279419,Hrana,1.69
Zaèini SK1,0154517,0.127,"100g,120g,140g,130g",Limenka,Kania,1.69,16.9,4056489279426,Hrana,1.69
Zaèini SK1,0154517,0.127,"100g,120g,140g,130g",Limenka,Kania,1.69,12.07,4056489279426,Hrana,1.69
Zaèini SK1,0154517,0.127,"100g,120g,140g,130g",Limenka,Kania,1.69,16.9,4056489279457,Hrana,1.69
Zaèini SK1,0154517,0.127,"100g,120g,140g,130g",Limenka,Kania,1.69,12.07,4056489279457,Hrana,1.69
Zaèini SK1,0154517,0.127,"100g,120g,140g,130g",Limenka,Kania,1.69,13,4056489279464,Hrana,1.69
Pasta za peèenje SK2,0154765,0.05,50g,Tuba,Belbake,2.59,51.8,4056489289449,Hrana,3.29
Pomfrit od povræa,0154802,0.5,500g,Vrecica,Harvest Basket,2.99,5.98,4056489294610,Hrana,2.99
Vreæe za smeæe,0154982,0.32,40komad,Pakovanje,Purio ,1.29,0.03,4056489643708,Proizvodi za kuæanstvo,1.29
Spužva za pranje posuða SK3,0155075,0.056,6komad,Traka,W5,0.75,0.13,4335619031746,Proizvodi za kuæanstvo,0.75
Prosecco Asolo Spumante DOCG,0155657,0.75,"0,75l",Boca,Allini,5.99,7.99,4056489686811,Piæe,5.99
Barista Espresso zrno RFA,0155851,1,1kg,Vrecica,Bellarom,17.99,17.99,4056489817758,Piæe,14.99
Ketchup,0155908,0.55,500ml,PET-Boca,Kania,1.45,2.9,4056489470847,Hrana,1.45
Praline SK2,0156123,0.14,140g,Pakovanje,J.D. Gross,3.99,28.5,4056489600992,Hrana,3.99
Chicken Nuggets bez umaka,0156458,1,1000g,Vrecica,Culinea,7.99,7.99,4056489318408,Hrana,7.99
Sredstvo za èišæenje sa spužvom SK1,0156905,0.425,"300g,400g,500g",Limenka,W5,2.39,0.48,4056489322832,Sredstva za èišæenje,2.39
Sredstvo za èišæenje sa spužvom SK1,0156905,0.425,"300g,400g,500g",Limenka,W5,2.39,0.48,4056489322849,Sredstva za èišæenje,2.39
Sredstvo za èišæenje sa spužvom SK1,0156905,0.425,"300g,400g,500g",Limenka,W5,2.39,0.6,4056489322856,Sredstva za èišæenje,2.39
High Protein Pizza SK3,0156963,0.264,"254g,274g",Kart. na prekl.,Trattoria Alfredo,3.99,1.46,4056489539780,Hrana,3.99
Tempura škampi u slatkom èili umaku,0157063,0.2,200g,Kart. na prekl.,Vitasia,4.99,24.95,4056489325505,Hrana,4.34
Cookie Dough SK3,0157167,0.06,60g,Posudica,MCENNEDY,0.93,15.5,4056489326250,Hrana,0.93
Cookie Dough SK3,0157167,0.06,60g,Posudica,MCENNEDY,0.93,15.5,4056489326298,Hrana,0.93
Gel za tuširanje antibakter. SK2,0158143,0.258,250ml,Tuba,Cien,1.19,4.76,4056489345367,Kozmetika,1.19
Nature Gel za tuširanje SK1,0158147,0.26,250ml,PET-Boca,Cien Nature,1.79,7.16,4056489672593,Kozmetika,1.79
Nature Šampon za kosu SK1,0158151,0.21,200ml,PET-Boca,Cien Nature,2.29,11.45,4056489329763,Kozmetika,2.29
Ayran jogurt tekuæi,0162443,1.026,1l,Pakovanje,1001 delights,1.39,1.39,4056489437604,Hrana,1.39
Flying Goose Chilli umak SK2,0162583,0.455,455ml,PET-Boca,,4.49,9.87,8853662056012,Hrana,4.49
Bezglutensko tijesto za pizzu ,0163174,0.26,260g,Pakovanje,Chef Select,2.49,9.58,4056489447214,Hrana,2.49
Svježi sok od ananasa,0163392,1.045,1l,PET-Boca,Solevita,3.29,3.29,4304493270947,Hrana,3.29
TK Falafel SK1 ,0163501,0.3,300g,Kart. na prekl.,Vemondo,2.59,8.63,4056489451754,Hrana,2.59
Nadopuna za tek. antib. sapun SK1,0163912,1.545,"1,5l",Vrecica,Cien,1.89,1.26,4056489455691,Kozmetika,1.89
Kompletna hrana za maèke SK20,0164210,0.415,415g,Limenka,Coshida,0.89,2.14,20103132,Proizvodi za kuæanstvo,0.89
Schwarzwald Gin & Tonic 5% Vol.,0165163,0.327,"0,33l",Limenka,-,1.19,3.61,4304493266742,Piæe,1.19
Super alkalne baterije AA,0165554,0.45,20komad,Kart. na prekl.,Tronic,3.99,0.2,4056489495703,Proizvodi za kuæanstvo,3.99
BO Donut duga,0165727,0.232,232g,Pakovanje,,2.99,12.89,4056489459194,Hrana,2.99
Aparat za šišanje,0377184,0.169,1ST,Pakovanje,Silvercrest Personal Care,5,5,4054601028488,Kozmetika,5
Pureæa kobasica SK2,5000308,0.1,100g,Atmos-Pakiranje,Pikok,2.69,26.9,20293130,Hrana,2.69
Tradicionalni naresci,5000441,0.15,150g,Atmos-Pakiranje,Alpenfest,1.99,13.27,20340285,Hrana,1.99
Germ knedle SK3,5003458,0.56,560g,Kart. na prekl.,Alpenfest,2.99,5.34,20751982,Hrana,2.99
Kobasice SK1,5012498,0.18,180g,Atmos-Pakiranje,Deluxe,2.47,13.72,4335619223486,Hrana,2.47
Bio zrnati sir,5108134,0.2,200g,Posudica,Milbona,1.39,6.95,4056489187813,Hrana,1.39
Meksièki sir s èilijem,5200222,0.2,200g,Pakovanje,El Tequito,2.79,13.95,20309121,Hrana,2.79
Cheddar sir SK2,5200949,0.15,150g,Pakovanje,Milbona,2.39,15.93,20575335,Hrana,2.39
Cake Angels Ukrasi za tortu SK2,5202468,0.113,"102g,113g,123g",Posudica,,2.59,22.92,5030101027922,Hrana,3.29
Cake Angels Ukrasi za tortu SK2,5202468,0.113,"102g,113g,123g",Posudica,,2.59,25.39,5030101027946,Hrana,3.29
"MSC TK Fileti aljaške kolje, 475g",5502499,0.5,500g,Vrecica,Ocean Sea,3.99,8.4,20466190,Hrana,3.99
Riblji namaz SK6,5502752,0.08,80g,Posudica,Chef Select,0.89,11.13,20857615,Hrana,0.89
Baby spužva za kupanje,5505870,0.007,1komad,Pakovanje,Cien,0.5,0.5,20818159,Proizvodi za kuæanstvo,0.5
Zobeni keksi s mlijeè. èok. RFA,5506026,0.21,210g,Pakovanje,Tastino,1.69,8.05,20761912,Hrana,1.69
Energy drink SK6,5506805,0.26,"0,25l",Limenka,Kong Strong,0.69,2.76,4304493258082,Piæe,0.69
"Šam., gel i kupka 3u1 SK6",5516395,0.515,500ml,PET-Boca,Cien,1.69,3.38,4335619008359,Kozmetika,1.69
Vlažne maramice za èišæenje SK3,5516867,0.439,"50komad,60komad",Pakovanje,W5,1.49,0.03,20063306,Proizvodi za kuæanstvo,1.49
Vlažne maramice za èišæenje SK3,5516867,0.439,"50komad,60komad",Pakovanje,W5,1.49,0.02,4056489783862,Proizvodi za kuæanstvo,1.49
Sredstvo za èišæenje limun,5518067,0.945,750ml,PET-Boca,W5,1.35,1.8,20146597,Sredstva za èišæenje,1.35
Mirisne luèice SK7 ,5519199,0.214,18komad,Pakovanje,-,1.59,0.09,4056489535942,Proizvodi za kuæanstvo,1.59
Mirisne luèice SK7 ,5519199,0.214,18komad,Pakovanje,-,1.59,0.09,4335619141353,Proizvodi za kuæanstvo,1.59
Radler Limun Vol. 0%,5519353,0.5,"0,5l",Limenka,Argus,0.79,1.58,4335619260832,Piæe,0.75
Sapun iz Provanse SK10,5603194,0.1,100g,Pakovanje,Duc de Coeur,0.79,7.9,4056489566359,Kozmetika,0.79
Salama sa smokvama,5609357,0.25,250g,Pakovanje,French Style,3.79,15.16,4056489040576,Hrana,3.79
Salama s lješnjacima,5609639,0.25,250g,Atmos-Pakiranje,French Style,3.39,13.56,4056489041221,Hrana,3.39
"Macarons, 12komada SK1",5610212,0.148,148g,Kart. na prekl.,Duc de Coeur,3.99,26.96,4056489137788,Hrana,3.99
Cannelloni s rikotom i špinatom,5610483,0.85,850g,Kart. na prekl.,Culinea,4.99,5.87,4056489138068,Hrana,4.99
Bordeaux Château les Tuileries 2022,5618922,0.75,"0,75l",Boca,,3.49,4.65,4304493260269,Piæe,3.49
Madeleines kolaèiæi ,5619297,0.25,250g,Vrecica,Duc de Coeur,2.29,9.16,20396121,Hrana,2.29
Krem jogurt SK6,5700343,0.135,135g,Staklo,Sol&Mar,0.99,7.33,20705503,Hrana,0.99
Premium Sherry Pedro Ximénez 15% V.,5709584,0.5,"0,5l",Boca,Tio Nico,4.99,9.98,20757571,Piæe,4.99
"Chorizo kobasica, sušena",5709696,0.3,300g,Atmos-Pakiranje,Sol&Mar,2.89,9.63,4056489168881,Hrana,2.89
Parfem Cotton Blue,5715013,0.085,100ml,Boca,Suddenly,5.99,59.9,4056489575337,Kozmetika,5.99
Parfem Dark Blue,5715015,0.085,100ml,Boca,Suddenly,5.99,59.9,4056489575283,Kozmetika,5.99
Mirisni štapiæi za prostor SK11,5717281,0.046,50ml,Boca,W5,1.69,33.8,4056489801436,Sredstva za èišæenje,1.69
Punjene masline SK1,5717443,0.41,"410ml, 425ml",Limenka,Sol&Mar,1.79,4.37,4056489748106,Hrana,1.79
Gumeni bomboni jagoda,5718001,0.3,300g,Vrecica,Sweet Corner,1.79,5.97,4056489802280,Hrana,1.79
Izbor ovèjih sireva,5719956,0.225,225g,Vakumir. pakov.,Deluxe,7.19,31.96,4335619075726,Hrana,7.19
Snack Fuet /Chorizo SK3,5720496,0.05,50g,Vrecica,Sol&Mar,1.39,27.8,4056489171263,Hrana,1.39
Mini kukuruzni vafli s okusom SK1,5720512,0.075,75g,Vrecica,Tastino,1.16,15.47,4335619107472,Hrana,1.16
Kocke za juhu SK2,5720527,0.72,720g,Box,Kania,4.39,6.1,4056489688914,Hrana,4.39
"Crni grah, kuhani",5901211,0.82,820g,Limenka,Sol&Mar,1.79,2.18,20084431,Hrana,1.79
Èips wasabi/teriyaki SK1,5912177,0.15,150g,Vrecica,Vitasia,1.99,13.27,4056489832461,Hrana,1.79
P?o de Ló biskvit torta SK1,5913467,0.5,500g,Pakovanje,Sol&Mar,7.99,15.98,4335619155381,Hrana,7.99
Umak sa školjkama SK1,6000049,0.35,350g,Pakovanje,Italiamo,2.99,8.54,4056489042242,Hrana,2.99
Svježi tortelloni SK4,6000079,0.25,250g,Atmos-Posudica,Deluxe,1.69,6.76,20284503,Hrana,1.69
Tortelloni crni s lososom,6000083,0.25,250g,Atmos-Posudica,Deluxe,1.35,5.4,20446154,Hrana,1.35
Pansotti punjeni pestom,6000195,0.25,250g,Atmos-Posudica,Italiamo,1.49,5.96,20284336,Hrana,1.49
Svježe punjena tjestenina SK6,6000209,0.25,250g,Atmos-Posudica,Chef Select,1.49,5.96,4056489096993,Hrana,1.49
Crostatine,6000216,0.24,240g,Pakovanje,Italiamo,1.59,6.63,20623449,Hrana,1.59
"Napolitanke s kakaom, RFA",6000265,0.175,175g,Pakovanje,Sondey,0.99,5.66,20046064,Hrana,0.99
Pesto SK1,6000271,0.18,180g,Staklo,Italiamo,1.39,7.72,20469900,Hrana,1.39
Panirani morski plodovi,6000287,0.3,300g,Vrecica,Italiamo,3.89,12.97,20421120,Hrana,3.89
"Provoletta sir, narezak SK1",6000426,0.14,140g,Atmos-Posudica,Italiamo,1.89,13.5,20408084,Hrana,1.89
Tagliolini s tartufima,6000658,0.25,250g,Atmos-Posudica,Deluxe,1.49,5.96,20570255,Hrana,1.49
"Mascarpone bez laktoze, 41%",6009178,0.25,250g,Posudica,Milbona,2.59,10.36,4056489098607,Hrana,2.59
Depilacijske trake SK4,6009602,0.057,"16komad,32komad,40komad",Kart. na prekl.,Cien,1.99,0.12,4056489523567,Kozmetika,1.99
Depilacijske trake SK4,6009602,0.057,"16komad,32komad,40komad",Kart. na prekl.,Cien,1.99,0.12,4056489523574,Kozmetika,1.99
Min. voda negazirana - Sportski èep,6010820,0.75,"0,75l",PET-Boca,Saguaro,0.65,0.87,4056489229674,Piæe,0.65
Bio napitak od badema bez šeæera,6011335,1.01,1l,Pakovanje,Vemondo,1.39,1.39,4056489346357,Hrana,1.39
Tjestenina od jaja XXL SK3,6012471,0.3,300g,Atmos-Posudica,Chef Select,1.39,4.63,20849948,Hrana,1.39
Grisini perec,6012649,0.15,150g,Kart. na prekl.,Alpenfest,1.99,13.27,4056489468394,Hrana,1.99
Mini ravioli SK1,6013309,0.25,250g,Atmos-Posudica,Deluxe,1.69,6.76,4056489347194,Hrana,1.69
Kakao desert,6013392,0.24,8x30g,Kart. na prekl.,Milbona,2.89,12.04,4056489523543,Hrana,2.89
Dim Sum SK1,6014262,0.2,200g,Atmos-Posudica,Vitasia,1.99,9.95,4056489631507,Hrana,1.68
Ricotta desert SK4,6014676,0.11,110g,Staklo,Deluxe,1.59,14.45,4056489632955,Hrana,1.59
Ricotta desert SK4,6014676,0.11,110g,Staklo,Deluxe,1.59,14.45,4056489632962,Hrana,1.59
Pasirana rajèica,6015332,0.5,500g,Boca,Italiamo,1.39,2.78,4056489721819,Hrana,1.39
Sladoled praline,6017131,0.42,6x70g,Kart. na prekl.,Gelatelli,3.79,9.02,4335619023475,Hrana,3.79
Tiramisu pistacija,6017232,0.065,65g,Plitica,Deluxe,1.35,20.77,4335619027435,Hrana,1.35
Jastuèiæi punjeni špinatom i sirom,6200000,1,1000g,Vrecica,Eridanous,3.49,3.49,20068417,Hrana,3.49
Jastuèiæi punjeni sirom,6200001,1,1000g,Vrecica,Eridanous,3.49,3.49,20068400,Hrana,3.49
Knedle s punjenjem od marelice,6404845,0.6,600g,Pakovanje,Culinea,2.39,3.98,20948177,Hrana,2.39
Sok od jabuke 100%,6405077,1,1l,Pakovanje,Solevita,1.59,1.59,20949785,Piæe,1.59
Hell Classic Energy Drink,6405640,0.262,"0,25l",Limenka,,1.09,4.36,5999884034469,Piæe,0.92
"Pureæi batak, cca. 750g",6406798,1,ca. 750g,Atmos-Pakiranje,-,3.99,3.99,2706798000000,Hrana,3.99
"Pureæi batak, cca. 750g",6406798,1,ca. 750g,Atmos-Pakiranje,-,3.99,3.99,2881960007500,Hrana,3.99
"Pureæa krila s kosti, cca. 750g",6406819,1,c.750g,Atmos-Pakiranje,-,3.89,3.89,2882083000000,Hrana,3.89
Kesten pire s aromom vanilije,6406923,0.25,250g,Pakovanje,Culinea,2.49,9.96,20300401,Hrana,2.49
Kesten pire s aromom vanilije,6406923,0.25,250g,Pakovanje,Culinea,2.49,9.96,4056489070849,Hrana,2.49
Miris za auto SK3,6700767,0.007,1komad,Pakovanje,W5,0.79,0.79,20591175,Sredstva za èišæenje,0.79
Miris za auto SK3,6700767,0.007,1komad,Pakovanje,W5,0.79,0.79,20591182,Sredstva za èišæenje,0.79
Paštete,6700776,0.2,10x20g,Atmos-Pakiranje,Deluxe,2.39,11.95,20493400,Hrana,2.39
Komprimat bomboni s okusom voæa,6700890,0.045,45g,Vrecica,Sweet Corner,0.49,0.49,20455361,Hrana,0.49
Zobena kaša SK14,6701260,0.065,65g,Vrecica,Crownfield,0.45,6.92,20107604,Hrana,0.45
Voda s okusom naranèe,6701346,1.5,"1,5l",PET-Boca,Saguaro,0.85,0.57,4335619059788,Piæe,0.85
Voda s aro. šumskog voæa sa šeæerom,6701348,1.5,"1,5l",PET-Boca,Saguaro,0.85,0.57,4304493258884,Piæe,0.85
Mesna rolada XXL SK1,6701633,0.625,625g,Vakumir. pakov.,Pikok,1.99,3.18,20493660,Hrana,1.99
Èeš. trajna kobasica Vysoèina,6701707,0.805,805g,Vakumir. pakov.,Pikok,5.99,7.44,20493691,Hrana,5.99
Šunka SK1,6701933,0.3,300g,Limenka,Pikok,2.69,8.97,20671518,Hrana,2.69
Sredstvo za èišæenje SK1,6702336,1.262,"1,2l",PET-Boca,W5,1.65,1.38,20671822,Sredstva za èišæenje,1.65
Pizza sir,6703333,0.455,455g,Pakovanje,MCENNEDY,3.19,7.01,20836689,Hrana,3.19
Zobena kaša s èokoladom,6706566,0.065,65g,Vrecica,Crownfield,0.45,6.92,20107543,Hrana,0.45
Proteinski vafli SK1,6713127,0.1,100g,Pakovanje,Tastino,0.89,8.9,4056489580522,Hrana,0.89
Ploèice s orašastim plodovima,6714525,0.035,35g,Pakovanje,Crownfield,0.49,0.49,4056489582267,Hrana,0.49
Müsli ploèice jabuka,6714740,0.03,30g,Pakovanje,Crownfield,0.29,0.29,4056489724339,Hrana,0.29
Müsli ploèice s èoko. i naranèom,6714744,0.03,30g,Pakovanje,Crownfield,0.29,0.29,4056489724384,Hrana,0.29
Müsli ploèica višnja - jogurt,6714746,0.03,30g,Pakovanje,Crownfield,0.29,0.29,4056489724377,Hrana,0.29
Slani pereci,6717811,0.15,150g,Vrecica,Alpenfest,1.19,7.93,4335619058958,Hrana,0.99
Pašteta SK5,6718742,0.2,200g,Staklo,Deluxe,4.49,22.45,4056489064695,Hrana,4.49
Aloe Vera SK1,6809192,0.5,"0,5l",PET-Boca,Solevita,1.49,2.98,4056489645979,Piæe,1.49
"Teran, kvalitetno crno vino",6900130,0.75,"0,75l",Boca,Winemakers of Croatia,5.49,7.32,4304493256750,Piæe,5.49
Meteor Varikina Cekina,6900203,1.15,1l,PET-Boca,,1.45,1.45,3859888110168,Sredstva za èišæenje,1.45
PPK Pašteta SK1,6900387,0.1,100g,Posudica,,0.69,6.9,3858881617049,Hrana,0.69
Kavabon rolica,6900649,0.04,40g,Pakovanje,,0.49,0.49,8600076030028,Hrana,0.49
Sredstvo za odleðivanje stakla,6900663,0.46,500ml,Boca,W5,1.33,2.66,4056489073581,Proizvodi za kuæanstvo,1.33
Podravka Kokošja kocka za juhu,6900724,0.12,120g,Pakovanje,,2.19,18.25,3850104274855,Hrana,2.19
Dolcela Puding SK1,6900762,0.156,"4x37g,4x45g",Vrecica,,2.09,14.12,3850104244100,Hrana,2.09
Fant Fix Punjena Paprika/Sarma umak,6900768,0.06,60g,Vrecica,,1.39,23.17,3850104075513,Hrana,1.39
Fant Fix Kosani Odrezak umak,6900771,0.09,90g,Vrecica,,1.39,15.44,3850104048999,Hrana,1.39
Baby vlažne maramice SK2,6900999,0.12,20komad,Pakovanje,Lupilu,0.59,0.03,20660437,Proizvodi za kuæanstvo,0.59
Èupavci,6901416,0.48,480g,Pakovanje,Okusi zavièaja,3.89,8.1,40894256,Hrana,5.89
"Travarica 37,5%",6901434,0.95,1l,Boca,Alliance,9.99,9.99,4304493259287,Piæe,9.99
Vrhnje za kuhanje 10% m.m.,6901477,0.5,500ml,Pakovanje,Pilos,2.29,4.58,4056489317784,Hrana,2.29
"Peèeni svinjski but, cca. 1kg",6901524,1,cca. 1kg,Vakumir. pakov.,Okusi zavièaja,5.99,5.99,2847160000000,Hrana,5.99
Listovi za pite i savijaèe,6901541,0.5,500g,Pakovanje,1001 delights,1.09,2.18,20779160,Hrana,1.09
Svježi posni sir XXL,6901554,1,1kg,Posudica,Okusi zavièaja,2.69,2.69,20778996,Hrana,2.69
Èips paprika,6901628,0.04,40g,Vrecica,Snack Day,0.39,0.39,20779603,Hrana,0.39
Skaramuèa Plavac,6901643,0.754,"0,75l",Boca,,5.49,7.32,3859888214026,Piæe,5.49
Djeèje vlažne maramice XXL SK1,6901653,1.473,3x100komad,Pakovanje,Lupilu,2.99,0.01,20779221,Proizvodi za kuæanstvo,2.79
"Havana 3 Years Old Rum, 37,5%",6901710,0.7,"0,7l",Boca,,16.15,23.07,8501110080231,Piæe,16.15
"Beefeater Gin, 40%",6901715,0.7,"0,7l",Boca,,12.79,18.27,5000329002193,Piæe,12.79
"Violeta Baby vlažne maramice, 3x56",6901868,0.962,3x56komad,Pakovanje,,4.79,1.6,3870128008151,Proizvodi za kuæanstvo,4.79
Èunga lunga žvakaæe gume Mega,6901905,0.015,15g,Pakovanje,,0.39,0.39,5310089001467,Hrana,0.39
"Rosal Lip Balm SK1, 4,8g",6902002,0.005,"4,8g",Pakovanje,,0.99,0.99,3856007905360,Kozmetika,0.99
"Rosal Lip Balm SK1, 4,8g",6902002,0.005,"4,8g",Pakovanje,,0.99,0.99,3856007908552,Kozmetika,0.99
"Cockta Original 1,5l",6902053,1.5,"1,5l",PET-Boca,,1.78,1.19,3838471032537,Piæe,1.78
Bis Osvježivaè prostora SK1,6902110,0.33,400ml,PET-Boca,,4.19,10.48,3850105150202,Sredstva za èišæenje,4.19
Bis Osvježivaè prostora SK1,6902110,0.33,400ml,PET-Boca,,4.19,10.48,3850105151926,Sredstva za èišæenje,4.19
Mix domaæih kolaèa,6902111,0.39,390g,Pakovanje,Okusi zavièaja,4.99,12.79,20780883,Hrana,4.99
Široki rezanci s jajima,6902115,0.4,400g,Vrecica,Okusi zavièaja,1.29,3.23,20780746,Hrana,1.29
"Pršut, narezak",6902117,0.5,500g,Atmos-Pakiranje,Okusi zavièaja,13.49,26.98,20780906,Hrana,9.99
"Cabernet&Syrah, kval. crno vino ",6902127,0.75,"0,75l",Boca,Winemakers of Croatia,3.98,5.31,4304493257672,Piæe,3.98
Burek s goveðim mesom,6902130,0.6,600g,Kart. na prekl.,1001 delights,3.58,5.97,4056489610731,Hrana,3.58
Burek s goveðim mesom,6902130,0.6,600g,Kart. na prekl.,1001 delights,3.58,5.97,4334035671536,Hrana,3.58
Kraš Express Instant Kakao,6902151,0.33,330g,Posudica,,3.99,12.09,3850102111152,Piæe,3.99
"Kraš Bananko, èokoladna bananica",6902163,0.03,30g,Pakovanje,,0.55,0.55,3850102127252,Hrana,0.55
Kraš Ki-Ki voæna karamela ,6902166,0.1,100g,Pakovanje,,1.29,12.9,3850102516704,Hrana,1.29
Kraš Ki-Ki voæna karamela ,6902166,0.1,100g,Pakovanje,,1.29,12.9,3850102521135,Hrana,1.29
"Kraš Bronhi, original",6902167,0.1,100g,Vrecica,,1.29,12.9,3850102516797,Hrana,1.29
"Osliæ bez glave, smrznuti HUBBSI",6902169,1,1000g,Vrecica,Ocean Sea,4.69,4.69,20781071,Hrana,4.99
"Hendricks Gin 41,4%",6902186,0.7,"0,7l",Boca,,28.99,41.41,5010327709000,Piæe,28.99
"Kozel Tamno pivo 3,8%",6902215,0.5,"0,5l",Limenka,,1.49,2.98,8594404008042,Piæe,1.49
Zvijezda Majoneza 85g,6902240,0.085,85g,Vrecica,,1.09,12.82,3858882214100,Hrana,1.09
Zvijezda Suncokretovo ulje,6902243,0.92,1l,Boca,,1.69,1.69,3858882210010,Hrana,1.69
Zvijezda Stolni margarin,6902244,0.25,250g,Pakovanje,,0.95,3.8,3856015314147,Hrana,0.95
Barkleys Classic SK10,6902264,0.05,50g,Limenka,,2.39,47.8,8717438743233,Hrana,2.39
Dukat b.Aktiv LGG Smoothie SK1,6902278,0.33,330g,PET-Boca,,1.82,5.52,3850354013600,Hrana,1.82
Dukat b.Aktiv LGG Smoothie SK1,6902278,0.33,330g,PET-Boca,,1.82,5.52,3850354015888,Hrana,1.82
Dukat b.Aktiv LGG Smoothie SK1,6902278,0.33,330g,PET-Boca,,1.82,5.52,3850354015925,Hrana,1.82
"Pršut, narezak",6902284,0.2,200g,Atmos-Posudica,Okusi zavièaja,5.79,28.95,20781132,Hrana,5.79
Bruschette Maretti pizza,6902286,0.15,150g,Vrecica,,1.25,8.33,3800205877554,Hrana,1.25
"Puèka kobasica, 750g",6902319,0.75,750g,Vakumir. pakov.,Pikok,4.69,6.25,20781323,Hrana,4.69
"Mlada teletina za peèenje, cca. 2kg",6902353,1,cca. 2kg,Atmos-Pakiranje,Naša mesnica,8.59,8.59,2894694000000,Hrana,9.99
"Mlada teletina za peèenje, cca. 2kg",6902353,1,cca. 2kg,Atmos-Pakiranje,Naša mesnica,8.59,8.59,2894695000000,Hrana,9.99
"Mlada teletina za peèenje, cca. 2kg",6902353,1,cca. 2kg,Atmos-Pakiranje,Naša mesnica,8.59,8.59,2894696000000,Hrana,9.99
"Mlada teletina za peèenje, cca. 2kg",6902353,1,cca. 2kg,Atmos-Pakiranje,Naša mesnica,8.59,8.59,2894810000000,Hrana,9.99
Zvijezda Ketchup blagi,6902363,1,1000g,Pakovanje,,2.79,2.79,3858882210881,Hrana,2.79
Namaz od dimljenog lososa,6902415,0.165,165g,Staklo,Deluxe,2.69,16.3,20781316,Hrana,2.69
"Barcaffe mljevena kava, 400g",6902430,0.4,400g,Vrecica,,7.99,19.98,3838471038041,Piæe,7.99
Grah trešnjevac,6902459,0.5,500g,Pakovanje,,1.99,3.98,20255503,Hrana,1.99
Zvijezda Francuska salata,6902539,1,1000g,Posudica,,5.95,5.95,3858882216494,Hrana,5.95
"Jamnica Gazirana min. voda, 1,5l",6902564,1.5,"1,5l",PET-Boca,,0.99,0.66,3859888152045,Piæe,0.99
"Dimljena svinjska rebra, cca. 700g",6902571,1,ca. 700g,Vakumir. pakov.,Pikok,7.96,7.96,2894680000000,Hrana,7.96
"Jamnica Gazirana min. voda, 1l",6902579,1,1l,Boca,,1.04,1.04,3859888152014,Piæe,0.96
Sensation Europe Bazga,6902581,1.5,"1,5l",PET-Boca,,1.69,1.13,3858890873443,Piæe,1.69
Ðuveè uprženi,6902612,0.82,850ml,Limenka,Chira,1.72,2.1,20781408,Hrana,1.72
Koestlin Èajno pecivo žitarice&èok.,6902624,0.16,160g,Pakovanje,,1.49,9.31,3856014113543,Hrana,1.29
Jadro Napolitanke,6902658,0.43,430g,Pakovanje,,3.19,7.42,3850102522545,Hrana,3.19
Jadro Napolitanke,6902658,0.43,430g,Pakovanje,,3.19,7.42,3850120601321,Hrana,3.19
Ekos Biedermeier,6902765,0.17,170g,Pakovanje,,2.69,15.82,3858889615788,Hrana,2.69
Pik Kuhana šunka 350g,6902836,0.35,350g,Pakovanje,,3.49,9.97,3850139360028,Hrana,3.49
"Svinjska rebra marinirana, ca. 500g",6902856,1,ca. 500g,Vakumir. pakov.,Naša mesnica,6.59,6.59,2894740000000,Hrana,6.59
Pjenušac Rose,6902876,0.75,"0,75l",Boca,Winemakers of Croatia,3.99,5.32,4304493258211,Piæe,3.99
Pjenušac Rose,6902876,0.75,"0,75l",Boca,Winemakers of Croatia,3.99,5.32,4304493259799,Piæe,3.99
Zvijezda Suncokretovo ulje,6902914,1.1,"1,2l",Boca,,1.85,1.54,3856015313249,Hrana,1.85
Kinder Joy 3 pak.,6902920,0.06,3x20g,Kart. na prekl.,,3.19,53.17,8000500028124,Hrana,3.19
Kinder Pingui 8 pak,6902923,0.24,8x30g,Pakovanje,,3.45,14.38,4008400290829,Hrana,3.45
Mortadella,6902985,0.15,150g,Atmos-Pakiranje,Pikok,1.79,11.93,40894232,Hrana,1.79
"Jelen Svijetlo pivo 4,6%",6902992,0.5,"0,5l",Limenka,,1.19,2.38,8600105001463,Piæe,1.19
Juneæa pljeskavica,6903001,0.45,450g,Atmos-Posudica,Naša mesnica,4.99,11.09,20250621,Hrana,4.99
"Svježe mlijeko 3,2% m.m.",6903068,1.03,1l,PET-Boca,Okusi zavièaja,1.19,1.19,4056489316312,Hrana,1.19
Èaj u rinfuzi UTZ SK2,6903079,0.035,"30g,40g",Kart. na prekl.,Okusi zavièaja,1.19,1.19,40894508,Piæe,1.19
"Goveði biftek, cca. 2kg",6903089,1,ca. 2kg,Vakumir. pakov.,Naša mesnica,24.79,24.79,2895514000000,Hrana,28.99
"Goveði biftek, cca. 2kg",6903089,1,ca. 2kg,Vakumir. pakov.,Naša mesnica,24.79,24.79,2895516000000,Hrana,28.99
Kremšnita mix,6903196,0.6,600g,Pakovanje,Okusi zavièaja,4.69,7.82,20251024,Hrana,4.69
Koko Meso mlade kokoši,6903247,1,"ca. 1,1kg",Vrecica,,2.19,2.19,2819432000000,Hrana,2.19
Koko Meso mlade kokoši,6903247,1,"ca. 1,1kg",Vrecica,,2.19,2.19,2819439000000,Hrana,2.19
Becutan Krema za djecu,6903250,0.188,200ml,Pakovanje,,6.49,32.45,5310001256678,Kozmetika,6.49
Ketchup SK1,6903311,1,1000g,PET-Boca,Kania,1.69,1.69,20251031,Hrana,1.69
Ketchup SK1,6903311,1,1000g,PET-Boca,Kania,1.69,1.69,4056489610779,Hrana,1.69
Rio Mare Insalatissime salata kuk.,6903351,0.16,160g,Limenka,,3.49,21.81,8004030022010,Hrana,3.49
Rum ploèica,6903371,0.045,45g,Pakovanje,Mister Choc,0.59,0.59,4056489073833,Hrana,0.59
Frozy Hobotnica oèišæena,6903389,1,cca. 900-1800g,Vakumir. pakov.,,8.99,8.99,2840100000000,Hrana,8.99
"Le Coq Cocktail Margarita, 4,7%",6903702,0.33,"0,33l",Boca,,1.52,4.61,4740098082644,Piæe,1.52
"Le Coq Cocktail Mojito, 4,7% ",6903703,0.33,"0,33l",Boca,,1.52,4.61,4740098088264,Piæe,1.52
Grah pinto,6903848,1,ca. 1kg,Rasuto,,1.49,1.49,3859893512001,Hrana,1.49
Mix pita SK1,6904141,0.42,420g,Pakovanje,Okusi zavièaja,4.99,11.88,4056489074113,Hrana,4.99
Dekorativna traka 2m,6904165,0.039,1komad,Pakovanje,,1.19,1.19,3856023011533,Proizvodi za kuæanstvo,1.19
Dekorativna traka 2m,6904165,0.039,1komad,Pakovanje,,1.19,1.19,3856023014107,Proizvodi za kuæanstvo,1.19
Ukrasna vreæica 32x26x12cm,6904180,0.046,1komad,Vrecica,,1.45,1.45,3856023008564,Proizvodi za kuæanstvo,1.45
PPK Juneæe tripice,6904208,0.5,500g,Atmos-Pakiranje,,2.95,5.9,4056489612018,Hrana,3.59
Debrecinka Pikant,6904211,0.4,400g,Vakumir. pakov.,Pikok,2.99,7.48,4056489073987,Hrana,2.69
Slani štapiæi,6904228,0.045,45g,Vrecica,Snack Day,0.29,0.29,4056489073536,Hrana,0.29
Bruschette Maretti luk i vrhnje,6904250,0.15,150g,Vrecica,,1.25,8.33,3800205877936,Hrana,1.25
Rio Mare Tuna naturale,6904301,0.32,4x80g,Pakovanje,,4.99,15.59,8004030344570,Hrana,4.99
"Zlatan Otok Pošip Novus, bij. vino",6904501,0.744,"0,75l",Boca,,9.02,12.03,3859888437784,Piæe,9.02
"Gouda, polutvrdi sir",6904514,1,1kg,Vakumir. pakov.,,6.49,6.49,3830056401349,Hrana,6.49
"Edamer, polutvrdi sir",6904516,1,1kg,Pakovanje,-,7.95,7.95,3830056401332,Hrana,7.95
Dukat Lag. Jutro Traj. ml. bez lak.,6904551,1.032,1l,Pakovanje,,1.99,1.99,3850354012665,Hrana,1.99
Multivita Magnezij naranèa plus ,6904610,0.08,80g,Pakovanje,,2.19,27.38,3858881248007,Hrana,2.19
McVities Digestive Original 2x500g,6904882,1,1kg,Vrecica,,4.19,4.19,5000396048001,Hrana,4.19
BO Polubijeli domaæi kruh,6904897,0.4,400g,Rasuto,,0.59,1.48,3858895203115,Hrana,0.59
"ESL - Svježe mlijeko 3,2%",6904910,1.03,1l,Pakovanje,Okusi zavièaja,0.99,0.99,4056489316381,Hrana,0.99
Violeta Sredstvo za èiš. poda+proz.,6904932,1.86,"1,75l",Pakovanje,,3.19,1.82,3870128027114,Sredstva za èišæenje,3.19
Johnnie Walker Red Label viski + 2 ,6905061,0.7,"0,7l",Boca,,16.99,24.27,5000267189215,Piæe,16.99
Hippis BIO pouch jabuka/jagoda/bana,6905082,0.1,100g,Vrecica,,1.35,13.5,4062300278547,Hrana,1.35
Podravka Kviki Gric,6905103,0.1,100g,Vrecica,,1.39,13.9,3850104225277,Hrana,1.39
Podravka Grah s kobasicom,6905117,0.4,400g,Limenka,,3.65,9.13,3850104035739,Hrana,3.65
BO Focaccia s masl. uljem i ružmar.,6905144,0.13,130g,Rasuto,,0.59,4.54,3858893420217,Hrana,0.59
Meri Merino det. Col. 75pranj.,6905163,4.613,"4,5l",Boca,,5.69,1.26,3850111105722,Sredstva za èišæenje,5.69
Lino Pillows Nougat,6905168,0.5,500g,Vrecica,,4.99,9.98,3850104263538,Hrana,4.99
Shake Mirisne granule za ormar SK1,6905239,0.038,1komad,Pakovanje,,1.89,1.89,3859890779278,Proizvodi za kuæanstvo,1.89
Obiteljski svježi kolaèi,6905271,0.33,"330g, 345g",Pakovanje,Okusi zavièaja,5.49,16.64,4056489316510,Hrana,5.49
Obiteljski svježi kolaèi,6905271,0.33,"330g, 345g",Pakovanje,Okusi zavièaja,5.49,16.64,4056489316749,Hrana,5.49
"File otkoštenog zabatka, cca. 500g",6905305,1,ca. 500g,Atmos-Pakiranje,Naša mesnica,6.99,6.99,2868821000000,Hrana,6.99
"File otkoštenog zabatka, cca. 500g",6905305,1,ca. 500g,Atmos-Pakiranje,Naša mesnica,6.99,6.99,2868826000000,Hrana,6.99
"File otkoštenog zabatka, cca. 500g",6905305,1,ca. 500g,Atmos-Pakiranje,Naša mesnica,6.99,6.99,2868827000000,Hrana,6.99
Proteini.si  Prot. ploè. ban. èok.,6905315,0.055,55g,Pakovanje,,1.69,30.73,3830059011354,Hrana,1.69
Peèenica narezak,6905317,0.1,100g,Vakumir. pakov.,Pikok Pure,2.29,22.9,4056489075264,Hrana,2.29
Proteini.si Prot. ploè. man. s jog.,6905321,0.055,55g,Pakovanje,,1.15,20.91,3830069179655,Hrana,1.15
Panirani pileæi medaljoni,6905335,0.32,320g,Atmos-Pakiranje,Gourmet,2.99,9.34,4056489316848,Hrana,2.99
Likvi Sredstvo za pranje posuða ,6905393,1.8,"1,8l",Pakovanje,,2.99,1.66,3850105174291,Sredstva za èišæenje,2.99
BO Burek motani sir,6905439,0.22,220g,Rasuto,,1.19,5.41,4053216198968,Hrana,1.19
BO Kukuruzni miješ. kruh bez kvasca,6905465,0.4,400g,Rasuto,,1.45,3.63,3858884928937,Hrana,1.45
"Zvijezda Majoneza, 620g",6905466,0.62,620g,Staklo,,4.99,8.05,3856015321879,Hrana,4.99
"Alpski cvijet, tvrdi kravlji sir",6905501,0.95,950g,Pakovanje,,14.99,15.78,3830056402834,Hrana,14.99
"Alpski cvijet, tvrdi kravlji sir",6905501,0.95,950g,Pakovanje,,14.99,15.78,3859894087027,Hrana,14.99
Èarli Deterdžent za posuðe SK1,6905521,0.46,450ml,Boca,,1.29,2.87,3850111304309,Sredstva za èišæenje,1.29
Èarli Deterdžent za posuðe Classic,6905522,1.845,2x900ml,Boca,,2.79,1.55,3850111304293,Sredstva za èišæenje,2.79
"Svinjski kare,zaèinjen",6905858,1,ca. 600g,Vakumir. pakov.,-,9.99,9.99,2869040000000,Hrana,9.99
"Polubijeli kruh, rezani",6905879,0.7,700g,Vrecica,Tastino,1.09,1.56,4052917363316,Hrana,1.09
Fix umaci (43-50g) SK2,6905916,0.046,"43g,50g",Vrecica,Kania,0.49,11.4,4056489317425,Hrana,0.49
Fix umaci (43-50g) SK2,6905916,0.046,"43g,50g",Vrecica,Kania,0.49,9.8,4056489317432,Hrana,0.49
Naturel Šumeæe tablete Magnezij,6905922,0.096,96g,Pakovanje,,2.25,23.44,3858887241743,Hrana,2.25
Dorina Èokolada SK1,6905966,0.231,"220g,250g",Pakovanje,,4.49,20.41,3850102516285,Hrana,4.49
PPK Pašteta SK2,6906081,0.1,100g,Posudica,,0.69,6.9,3858890188561,Hrana,0.69
Meat Revolution teleæi burger,7206486,0.25,250g,Vakumir. pakov.,,3.39,13.56,3800216654007,Hrana,3.39
Perutnina Ptuj Pileæi narezak SK2,7300183,0.143,"125g,180g",Atmos-Pakiranje,,1.99,15.92,3838977024470,Hrana,1.99
Perutnina Ptuj Pileæi narezak SK2,7300183,0.143,"125g,180g",Atmos-Pakiranje,,1.99,15.92,3838977024852,Hrana,1.99
Leone Sladoled na štapiæu SK1,7302358,0.21,6x60ml,Kart. na prekl.,,2.79,7.75,3830053876089,Hrana,2.79
Leone Sladoled na štapiæu SK1,7302358,0.21,6x60ml,Kart. na prekl.,,2.79,7.75,3830053878922,Hrana,2.79
Koktel pileæe mini hrenovke,7302505,0.5,500g,Vakumir. pakov.,-,1.34,2.68,20307226,Hrana,1.34
Leone Sladolde na štapiæu SK2,7303384,0.152,"4x60ml,4x70ml",Kart. na prekl.,,2.29,9.54,3830053876119,Hrana,2.29
Leone Sladolde na štapiæu SK2,7303384,0.152,"4x60ml,4x70ml",Kart. na prekl.,,2.29,8.18,3830053876119,Hrana,2.29
Leone Sladolde na štapiæu SK2,7303384,0.152,"4x60ml,4x70ml",Kart. na prekl.,,2.29,9.54,3830053876140,Hrana,2.29
Leone Sladolde na štapiæu SK2,7303384,0.152,"4x60ml,4x70ml",Kart. na prekl.,,2.29,8.18,3830053879462,Hrana,2.29
Nimrod Sv. raž. od jelena sa špek.,7303662,0.2,200g,Vakumir. pakov.,,4.79,23.95,3830034363317,Hrana,4.79
Proteinski prutiæ 50% SK7,7703649,0.045,45g,Pakovanje,-,1.35,1.35,4056489038610,Hrana,1.35
Bruschetta namaz SK2,7705168,0.15,150g,Posudica,Italiamo,1.53,10.2,20228057,Hrana,1.53
Noodles instant na azijski SK4,7706656,0.06,60g,Vrecica,,0.69,11.5,8852018101055,Hrana,0.69
Mousse SK2,7709622,0.35,350g,Sortirano,Deluxe,4.49,12.83,4056489387619,Hrana,4.49
Klumper sušena šunka SK2,7710141,0.08,80g,Atmos-Pakiranje,,1.89,23.63,4101060001184,Hrana,1.89
Kobasica od mesa peradi SK2,7711309,0.379,"350g,400g",Pakovanje,Grillmeister,3.29,9.4,4009335090096,Hrana,3.29
Crumble Desert SK1,7712119,0.1,100g,Staklo,Deluxe,1.4,14,4056489482772,Hrana,1.4
Curry zalogaj SK1,7712698,0.32,320g,Atmos-Pakiranje,Vitasia,2.29,7.16,4056489483892,Hrana,2.29
Lepinja SK1,7713961,0.24,240g,Vrecica,Eridanous,1.59,6.63,4056489706106,Hrana,1.52
Hrskavo peèenje od šunke,7714586,0.12,120g,Atmos-Pakiranje,Deluxe,1.79,14.92,4056489706830,Hrana,1.79
Parfem Suddenly Luxury Women SK1,7716832,0.084,100ml,Kart. na prekl.,,5.99,59.9,4335619131200,Kozmetika,5.99
Mini kroasan sa sezamom,9000144,1,1kg,Vrecica,Tastino,2.19,2.19,20966423,Hrana,2.19
Goveða juha RSPO,9002293,0.065,65g,Vrecica,-,0.49,7.54,4056489508434,Hrana,0.49
Pašteta od peradi SK6,9002467,0.095,95g,Limenka,Pikok Pure,0.99,10.42,4056489508243,Hrana,0.99
Pašteta od peradi SK6,9002467,0.095,95g,Limenka,Pikok Pure,0.99,10.42,4056489508274,Hrana,0.99
"XXL Tekuæi jogurt 2,8%",9002537,1.5,"1,5kg",PET-Boca,Pilos,1.79,1.19,4304493259744,Hrana,1.79
Kuhinjski ubrusi rola 2-slojni,9003161,0.876,8x45Blatt,Pakovanje,Floralys,2.49,0.31,4056489317500,Proizvodi za kuæanstvo,2.49
Kuhinjski ruènici Maxirolle 2 sloja,9003162,1.132,2x300Blatt,Pakovanje,Floralys,3.69,1.85,4056489317524,Proizvodi za kuæanstvo,3.69
Kuhinjski ruènici Maxirolle 2 sloja,9003163,0.566,300Blatt,Pakovanje,Floralys,1.59,1.59,4056489317517,Proizvodi za kuæanstvo,1.59
Best Food peèena paprika (OM 400g),9003290,0.4,670g,Staklo,,2.59,6.48,5310354000713,Hrana,2.59
Twins pohane palaèinke SK2,9003518,0.4,400g,Pakovanje,,2.29,5.73,5319991365261,Hrana,2.29
Plazma Kocka napolitanke bijele,9003837,0.13,130g,Pakovanje,,1.49,11.46,8600043029567,Hrana,1.49
Set za njegu auta,0158469,1.029,1komad,Pakovanje,W5,6.69,6.69,4056489349426,Sredstva za èišæenje,6.69
Proteinski Cookies SK3,0158685,0.045,45g,Pakovanje,Sondey,1.59,1.59,4056489350842,Hrana,1.59
Voæni namaz 85% SK6,0158868,0.245,245g,Staklo,Deluxe,2.47,10.08,4056489352495,Hrana,2.47
Pekmez od šljiva 170%,0158869,0.45,450g,Staklo,Maribel,2.69,5.98,4056489352501,Hrana,2.69
Gumeni bomboni za pobolj. imuniteta,0158900,0.12,120g,Limenka,Optisana,3.99,33.25,4056489352655,Hrana,3.99
Dezinfek. sred. za ruke sa 65% alk.,0159453,0.107,100ml,PET-Boca,Cien,0.75,7.5,4056489368038,Kozmetika,0.75
Roštilj kobasice SK1,0159509,0.2,200g,Vakumir. pakov.,Dulano,1.59,7.95,4056489368700,Hrana,1.59
Mješavine za muffine SK27,0159610,0.325,"310g,340g",Kart. na prekl.,Belbake,2.19,6.44,20149925,Hrana,2.19
Mješavine za muffine SK27,0159610,0.325,"310g,340g",Kart. na prekl.,Belbake,2.19,7.06,20149949,Hrana,2.19
Desert od kokosa SK1,0160246,0.15,150g,Posudica,Vemondo,0.75,5,4056489404941,Hrana,0.75
Mozzarella rolica,0160264,0.2,200g,Vrecica,Milbona,1.99,9.95,4056489405030,Hrana,1.99
High Protein Gris puding SK1,0160550,0.2,200g,Posudica,Milbona,0.99,4.95,4056489955016,Hrana,0.99
High Protein napitak SK1,0160560,0.35,350g,PET-Boca,Milbona,1.49,4.26,4056489406679,Hrana,1.49
High Protein napitak SK1,0160560,0.35,350g,PET-Boca,Milbona,1.49,4.26,4304493267459,Hrana,1.49
Deterdžent miris Bali,0160638,6.5,"6,5kg",Pakovanje,Formil,11.99,11.99,4056489407133,Sredstva za èišæenje,11.99
Chianti DOCG,0160841,0.75,"0,75l",Boca,-,4.19,5.59,4056489406143,Piæe,4.19
Proteinski sladoled SK1,0160941,0.25,5x70ml,Kart. na prekl.,Gelatelli,3.49,9.97,4056489411680,Hrana,3.49
Lazanje s govedinom,0161009,0.8,800g,Plitica,Chef Select,5.29,6.61,4056489412304,Hrana,5.29
Kozji sir Camembert,0161251,0.18,180g,Plitica,Deluxe,2.49,13.83,4056489914839,Hrana,2.49
Papirnati tanjuri 13x20cm,0161594,0.098,20komad,Pakovanje,Grillmeister,0.99,0.05,4056489419112,Proizvodi za kuæanstvo,0.99
"Pereci, 10 komada",0161717,0.868,868g,Kart. na prekl.,Alpenfest,2.59,2.98,4056489423867,Hrana,2.59
Dagnje blanširane,6209183,0.5,500g,Vrecica,Eridanous,3.99,8.87,4056489541004,Hrana,3.99
Salata s feta sirom SK1,6210993,0.25,250g,Atmos-Pakiranje,Deluxe,1.91,7.64,4056489773351,Hrana,1.91
Kava s aromom SK1,6211933,0.2,200g,Vrecica,Bellarom,6.89,34.45,4335619096707,Piæe,5.7
Paprika pržena sa zaè. (ATG 480g),6212105,0.72,720ml,Staklo,Eridanous,2.59,5.4,4335619097407,Hrana,2.2
Energy Drink,6400172,0.262,"0,25l",Limenka,Kong Strong,0.59,2.36,4304493259423,Piæe,0.59
Knedle sa sirnim nadjevom,6400571,1,1kg,Vrecica,Kuljanka,2.99,2.99,20755812,Hrana,2.99
Kukuruzni snack s okusom èilija,6400718,0.07,70g,Vrecica,Alesto,0.69,9.86,20504755,Hrana,0.69
Šeæer u prahu,6401081,0.5,500g,Vrecica,Belbake,0.99,1.98,5998571551142,Hrana,0.99
Svježi sir vrhnjem XXL,6906094,0.5,500g,Posudica,Pilos,1.99,3.98,4056489317982,Hrana,1.99
Sljeme Èajna pašteta u ovitku,6906106,0.3,3x100g,Pakovanje,,1.79,5.97,3850139230260,Hrana,1.79
Suncokretovo ulje ,6906127,0.92,1l,Boca,Vita D'or,1.49,1.49,3830000146326,Hrana,1.49
Suncokretovo ulje ,6906127,0.92,1l,Boca,Vita D'or,1.49,1.49,4056489069553,Hrana,1.49
Kakao šnite s kandiranim voæem,6906178,0.48,480g,Pakovanje,Okusi zavièaja ,4.99,10.4,4056489610601,Hrana,4.99
Ukrasna vreæica 23x18x10cm,6906193,0.044,1komad,Pakovanje,,1.29,1.29,3856023029316,Proizvodi za kuæanstvo,1.29
DAR Napitak od neprženih badema,6906243,1,1l,Pakovanje,,2.05,2.05,3850108028003,Hrana,2.05
Forum Orgo Vege Burger žuta leæa,6906341,0.2,200g,Kart. na prekl.,,1.89,9.45,3859893778643,Hrana,1.89
Forum Orgo Vege Burger - crni grah,6906347,0.2,200g,Kart. na prekl.,,1.89,9.45,3859893778636,Hrana,1.89
Sladoled Triple SK2,0137318,0.308,4x130ml,Kart. na prekl.,Bon Gelati,2.79,5.37,4056489424871,Hrana,2.79
Gumeni bomboni mix,0137595,1.2,1200g,Limenka,Alpenfest,5.99,4.99,20101930,Hrana,4.99
Kremasti gel za tuširanje SK4,0138047,0.311,300ml,PET-Boca,Cien,1.69,5.63,20112004,Kozmetika,1.69
Kremasti gel za tuširanje SK4,0138047,0.311,300ml,PET-Boca,Cien,1.69,5.63,20112042,Kozmetika,1.69
Djeèje pelene mini,0138082,0.89,42komad,Pakovanje,Lupilu,4.75,0.11,20112264,Proizvodi za kuæanstvo,4.75
Djeèje pelene junior,0138087,1.43,44komad,Pakovanje,Lupilu,6.39,0.15,20112318,Proizvodi za kuæanstvo,6.39
Kobasica SK2,0138902,0.275,"250g,300g",Atmos-Pakiranje,Grillmeister,3.29,13.16,20137076,Hrana,3.29
Proteinski njoki,7305354,0.4,400g,Vrecica,Culinea,1.99,4.98,4056489298571,Hrana,1.99
Ekstra pileæe kobasice,7306952,1,1000g,Stanga,,2.39,2.39,3850220150033,Hrana,2.39
SAGA Urnebes kajmak s paprikom,7308773,0.25,250g,Posudica,,2.49,9.96,3830060750440,Hrana,Nije_bilo_u_prodaji_02.05.2025
Corsendonk kocke sira,7401494,0.25,250g,Posudica,,5.69,22.76,20286361,Hrana,5.69
Chocolate Truffles SK3,7401994,0.2,200g,Pakovanje,J.D. Gross,2.49,12.45,4056489366072,Hrana,2.49
Torta od sira SK2,7405898,0.165,"2x80g,2x85g",Kart. na prekl.,Deluxe,3.11,19.44,4056489215127,Hrana,3.11
Torta od sira SK2,7405898,0.165,"2x80g,2x85g",Kart. na prekl.,Deluxe,3.11,19.44,4056489215134,Hrana,3.11
Schogetten SK92,0002838,0.1,100g,Tabla,,1.29,12.9,4000415000684,Hrana,1.29
Schogetten SK92,0002838,0.1,100g,Tabla,,1.29,12.9,4000607186400,Hrana,1.29
Schogetten SK92,0002838,0.1,100g,Tabla,,1.29,12.9,4000607850004,Hrana,1.29
"Kinder Joy, 20g ",0002848,0.02,20g,Pakovanje,,1.49,1.49,80310891,Hrana,1.49
Müsli prutiæi SK50,0002858,0.2,200g,Kart. na prekl.,Crownfield,1.65,8.25,20104238,Hrana,1.65
"Rosé, kvalitetno vino",0002861,0.743,"0,75l",Boca,Winemakers of Croatia,5.49,7.32,4056489611592,Piæe,5.49
Izbor finih pralina,0002863,0.4,400g,Kart. na prekl.,Palace,4.59,11.48,20005931,Hrana,4.59
Sredstvo za èišæenje WC-a SK9,0151454,1.023,1l,PET-Boca,W5,1.65,1.65,4056489563389,Sredstva za èišæenje,1.65
Primitivo Puglia IGT,0151636,0.75,"0,75l",Boca,-,3.99,5.32,4056489927716,Piæe,3.99
Grèko predjelo SK1,0151685,0.39,"380g,400g",Plitica,Eridanous,4.69,12.34,4056489231639,Hrana,3.69
Lovaèki umak,0151865,0.06,3x20g,Kart. na prekl.,Kania,0.99,16.5,4056489233336,Hrana,0.99
Kandirani kikiriki,0152000,0.25,250g,Samost.vreca,Alesto,1.69,6.76,20070274,Hrana,1.69
RFA Svj. cijeð. sok od naranèe 100%,0152480,1.05,1l,PET-Boca,Solevita,3.39,3.39,4304493266490,Hrana,3.29
Pjenušac suhi,0152671,0.75,"0,75l",Boca,Burg Schöneck,2.99,3.99,4056489237426,Piæe,2.99
Pjenušac polusuhi,0152672,0.75,"0,75l",Boca,Burg Schöneck,2.99,3.99,4056489849377,Piæe,2.99
Sangria,0152725,3,3l,Box,Sol&Mar,4.99,1.66,4056489249221,Piæe,4.99
Premium Sushi SK1,0152782,0.178,"168g,178,5g,185g",Pakovanje,select & go,3.79,22.56,4056489250166,Hrana,3.79
WC Osvježivaè 2x48g SK11,0152987,0.096,2x48g,Pakovanje,W5,1.55,16.15,4056489186809,Sredstva za èišæenje,1.45
WC Osvježivaè 2x48g SK11,0152987,0.096,2x48g,Pakovanje,W5,1.55,16.15,4056489186854,Sredstva za èišæenje,1.45
Grèka predjela,0153181,0.15,150g,Plitica,Chef Select,2.39,15.93,4056489241904,Hrana,2.39
Grèka predjela,0153181,0.15,150g,Plitica,Chef Select,2.39,15.93,4056489241911,Hrana,2.39
Kuhana šunka XXL SK7,0153395,0.4,400g,Atmos-Pakiranje,Dulano,3.99,9.98,4056489115304,Hrana,3.99
Wakame salata SK1,0153467,0.1,100g,Plitica,Vitasia,1.89,18.9,4056489262473,Hrana,1.89
BO Èoko krafna XXL 6kom.,0153690,0.306,306g,Pakovanje,,2.89,9.44,4056489261919,Hrana,2.89
Hrskavi mlijeèni desert vanilija,0153698,0.35,650ml,Kart. na prekl.,Gelatelli,2.49,3.83,4056489267782,Hrana,2.49
Eau de Parfum SK6,0153747,0.063,75ml,Kart. na prekl.,Suddenly,6.49,86.53,4056489268055,Kozmetika,6.49
Eau de Parfum SK6,0153747,0.063,75ml,Kart. na prekl.,Suddenly,6.49,86.53,4056489268062,Kozmetika,6.49
Eau de Parfum SK6,0153747,0.063,75ml,Kart. na prekl.,Suddenly,6.49,86.53,4056489545552,Kozmetika,6.49
Eau de Parfum SK6,0153747,0.063,75ml,Kart. na prekl.,Suddenly,6.49,86.53,4056489545569,Kozmetika,6.49
Toaletna voda za muškarce SK5,0153751,0.063,75ml,Kart. na prekl.,G. Bellini,6.49,86.53,4056489268093,Kozmetika,6.49
Bio ulje maslinovo eks. djev.,0153950,0.75,"0,75l",Boca,Primadonna,8.99,11.99,4056489269274,Hrana,8.99
Prutiæi od lisnatog tijesta ,0168697,0.125,125g,Pakovanje,Alpenfest,1.59,12.72,4056489527541,Hrana,1.79
"Pivo lager 5,2%",0169462,3.024,"6x0,5l",Limenka,Perlenbacher,5.69,1.9,4056489592037,Piæe,5.69
Vodeni sladoled XXL SK3,0169973,0.928,8x110ml,Kart. na prekl.,Bon Gelati,3.1,3.52,4056489542780,Hrana,3.1
Vodeni sladoled XXL SK3,0169973,0.928,8x110ml,Kart. na prekl.,Bon Gelati,3.1,3.52,4056489542803,Hrana,3.1
Kocke sira u repièinom ulju 45% SK1,0170443,0.35,350g,Staklo,Eridanous,3.29,9.4,4056489550808,Hrana,3.29
Sauvignon Blanc Pays d'Oc IGP,0074337,0.75,"0,75l",Boca,Chevalier de Fauvert,3.99,5.32,4056489114444,Piæe,3.99
Smrznute borovnice,0173945,0.5,500g,Vrecica,Freshona,3.79,7.58,4056489123552,Hrana,3.79
Kava u zrnu Rosso RFA,0175043,1,1000g,Vrecica,Bellarom,12.39,12.39,4056489576884,Piæe,13.99
Bio napitak od zobi XXL,0175127,8.288,8x1l,Pakovanje,Vemondo,8.33,1.04,4056489626633,Hrana,8.33
Bio napitak od zobi XXL,0175127,8.288,8x1l,Pakovanje,Vemondo,8.33,1.04,4056489675693,Hrana,8.33
Ledeni èaj limun,0176123,2.056,2l,Pakovanje,Freeway,1.45,0.73,4056489640271,Piæe,1.45
Veg. èoko. s perec. i morskom soli,0176146,0.18,180g,Tabla,Vemondo,1.95,10.83,4056489640424,Hrana,1.95
File haringe u umaku od rajèice XXL,0177096,0.6,3x200g,Limenka,Nixe,4.19,6.98,4056489671602,Hrana,4.19
Smrznuto povræe za tavu SK1,0177323,1,1kg,Vrecica,Freshona,2.99,2.99,4056489658658,Hrana,2.99
Jednokratna dvostruka britvica,0179269,0.057,10komad,Vrecica,Cien,1.59,0.16,4056489687535,Kozmetika,1.59
Suhi šampon za kosu SK4,0179296,0.119,200ml,Limenka,Cien,1.59,7.95,4056489328735,Kozmetika,1.59
Dimlj. rolani kare s kožom cca.850g,6905606,1,ca. 850g,Vakumir. pakov.,Okusi zavièaja,6.29,6.29,2868880000000,Hrana,6.29
Gamay&Cabernet Franc kval. c. vino,6905628,0.75,"0,75l",Boca,Winemakers of Croatia,3.98,5.31,4304493259782,Piæe,3.98
Melem Balzam za usne,6905637,0.005,"4,5g",Pakovanje,,3.69,3.69,3856007902840,Kozmetika,3.69
Podravka Ketchup blagi,6905683,0.5,500g,PET-Boca,,1.69,3.38,3850104268731,Hrana,1.69
Kraš PreKrašni Kolaèiæi sa noug. p.,6905694,0.22,220g,Vrecica,,1.89,8.59,3870450002070,Hrana,1.89
Kraš PreKrašni Kolaèiæ sa kakao p.,6905700,0.22,220g,Vrecica,,2.59,11.77,3850102011230,Hrana,2.59
Barcaffe Mljevena kava,6905718,1,1000g,Vrecica,,11.45,11.45,3838975531659,Piæe,11.45
BO Pecivo lepinja,6905787,0.12,120g,Rasuto,,0.39,3.25,3859893442124,Hrana,0.39
Zvijezda marg. s aromom van.,6905808,0.25,250g,Pakovanje,,0.65,2.6,3856015305534,Hrana,0.65
Zvijezda Krastavci del. (OM 350g),6905809,0.35,670g,Staklo,,2.39,6.83,3856015303240,Hrana,2.49
"Svinjski vrat sk, odrezak, ca. 600g",6905821,1,ca. 600g,Atmos-Pakiranje,Naša mesnica,5.79,5.79,2862750000000,Hrana,6.19
Philips Sušilo za kosu,0407644,0.617,1ST,Pakovanje,,10,10,8710103959557,Kozmetika,10
Sušeni vrganji ''Special'',6000964,0.03,30g,Pakovanje,Italiamo,2.19,73,20499112,Hrana,2.19
Gimoka kava u zrnu ,6001026,1,1kg,Vrecica,,9.99,9.99,8003012000039,Piæe,9.99
Rižoto SK5,6001161,0.175,175g,Vrecica,Kania,1.29,7.37,20499990,Hrana,1.29
Punjeni njoki SK8,6001374,0.5,500g,Plitica,Deluxe,2.39,4.78,20570095,Hrana,2.39
Sayonara Èaèkalice,6001475,0.063,450komad,Kozm.posudica,,0.89,0.89,8000675113243,Proizvodi za kuæanstvo,0.89
Tuna i grah,6001869,0.32,2x160g,Pakovanje,Nixe,2.99,9.34,4056489631330,Hrana,2.99
Orecchiette ili Trofie,6001877,0.5,500g,Vrecica,Italiamo,1.69,3.38,20462673,Hrana,1.69
Parmigiano Reggiano,6002396,0.2,200g,Atmos-Posudica,Milbona,5.49,27.45,4056489721604,Hrana,5.49
"Bechamel umak 10,5%m.m",6002594,0.527,500ml,Pakovanje,Italiamo,1.19,2.38,4056489720577,Hrana,1.19
BO Croissant s pistacijama,6002597,0.085,75g,Rasuto,,0.89,11.87,8003269122751,Hrana,0.89
Bio napitak od riže,6002760,1.052,1l,Pakovanje,Vemondo,1.15,1.15,20685072,Hrana,1.15
Croissant višnja,6002908,0.53,530g,Pakovanje,Italiamo,3.59,6.77,20685669,Hrana,3.59
Bezglutenski vafli s lješnjacima,6003522,0.175,175g,Pakovanje,Sondey,2.29,13.09,20823030,Hrana,2.29
Bruschette SK1,6003784,0.15,150g,Vrecica,Italiamo,1.79,11.93,20456719,Hrana,1.79
Burrata di Bufala,6005583,0.125,125g,Posudica,Deluxe,2.29,18.32,4056489721314,Hrana,2.29
Prilog od povræa,6006066,0.45,450g,Vrecica,Italiamo,2.69,5.98,20000950,Hrana,2.69
Veganski medaljoni SK1,6006494,0.25,250g,Atmos-Posudica,Vemondo,1.89,7.56,20969233,Hrana,1.89
Maslinovo ulje u spreju SK11,5701525,0.183,200ml,Limenka,Kania,2.89,14.45,20879006,Hrana,2.89
Maslinovo ulje u spreju SK11,5701525,0.183,200ml,Limenka,Kania,2.89,14.45,20879013,Hrana,2.89
Pršut Jamon Serrano,5701620,0.24,240g,Atmos-Posudica,Sol&Mar,4.99,20.79,20645137,Hrana,4.99
Palmeritas trajni kolaè,5701639,0.18,180g,Vrecica,Sol&Mar,1.99,11.06,20645892,Hrana,1.99
Izbor španjolskih sireva,5701936,0.15,150g,Atmos-Posudica,Sol&Mar,3.49,23.27,20645229,Hrana,3.49
Biskvit torta SK2,5702871,0.347,"330g,370g",Pakovanje,Sol&Mar,1.89,5.11,20421151,Hrana,1.89
Tvrdi sir SK3,5704773,0.22,220g,Vakumir. pakov.,Sol&Mar,4.29,19.5,4056489139966,Hrana,4.29
Sladoled u posudici SK12,5707130,0.5,500g,Pakovanje,Sol&Mar,3.99,7.98,4056489634812,Hrana,3.99
Sladoled u posudici SK12,5707130,0.5,500g,Pakovanje,Sol&Mar,3.99,7.98,4056489963691,Hrana,3.99
Podravka Povrtna kocka za juhu,6906377,0.12,120g,Pakovanje,,2.19,18.25,3850104274015,Hrana,2.19
Nivea Dezodorans SK1,6906413,0.092,150ml,Limenka,,3.95,26.33,9005800250328,Kozmetika,3.95
Rio Mare Tunjevina u maslin. ulju,6906431,0.24,3x80g,Pakovanje,,4.49,18.71,8004030345775,Hrana,4.49
Nila My Sensual Black 68 pranja,6906441,3.796,"3,7l",PET-Boca,,4.99,1.35,3850105180735,Sredstva za èišæenje,4.99
"Nila Color, 68 pranja",6906444,3.796,"3,7l",PET-Boca,,4.99,1.35,3850105182951,Sredstva za èišæenje,4.99
BO Domaæi Craft kruh sa sjemenkama ,6906465,0.4,400g,Rasuto,,1.69,4.23,3859893136689,Hrana,1.69
Svj. roštilj kobasica u pri. ovitku,6906467,1,ca. 400g,Atmos-Pakiranje,Naša mesnica,6.89,6.89,2848280000000,Hrana,6.99
Cedevita Instant napitak SK1,6906479,0.9,900g,Pakovanje,,6.39,7.1,3850322016626,Piæe,6.39
Kuhinjski ubrusi 2-slojni,6906523,1.132,350Blatt,Pakovanje,Floralys,3.79,3.79,4056489611011,Proizvodi za kuæanstvo,3.79
Jana voda s okusom voæa Lim.-limeta,6906549,1.55,"1,5l",PET-Boca,,1.59,1.06,3858884600819,Piæe,1.59
Toast sendviè s puretinom i sirom,6906631,0.22,220g,Rasuto,,1.59,7.23,3858893421009,Hrana,1.59
Tvrdi sir dozreli u vinu Teran,6906632,0.3,300g,Vakumir. pakov.,Deluxe,7.19,23.97,4056489611042,Hrana,7.19
Heineken Svijetlo pivo 5%,6906664,2.02,"4x0,5l",Limenka,,6.07,3.04,3830001714715,Piæe,6.07
Saltwater Cabernet Sauvignon,6906676,0.75,"0,75l",Boca,,9.99,13.32,3859891102143,Piæe,9.99
Toaletni papir 3-sloja,6907011,0.801,12x120Blatt,Pakovanje,Floralys,2.19,0.18,4056489611325,Proizvodi za kuæanstvo,2.19
PIK Pureæa šunka dimljena,6907015,0.1,100g,Pakovanje,,1.89,18.9,3850139520453,Hrana,1.89
Pik Pureæa šunka mediteranska,6907017,0.1,100g,Pakovanje,,1.59,15.9,3850139522198,Hrana,1.59
BO Somun send. s pur. šun. i sirom ,6907018,0.16,160g,Rasuto,,1.29,8.06,4052917842002,Hrana,1.29
"Lepi deèki pivo. Meðim.Lager 4,8%",6907064,0.515,"0,5l",Limenka,,1.69,3.38,3859894040176,Piæe,1.69
Cekin Pileæa posebna kobasica,6907072,1,1000g,Stanga,,2.99,2.99,3850159125522,Hrana,2.99
Džem od šipka,6907110,0.63,630g,Staklo,Maribel,2.59,4.11,4056489611516,Hrana,2.59
Lasta Štrudla smokva,6907117,0.25,250g,Vrecica,,2.39,9.56,3870128029941,Hrana,1.79
Lasta Napolitanke lješnjak,6907123,0.3,300g,Vrecica,,1.99,6.63,3870128030008,Hrana,1.99
Nila Tek.deterdžent 50 pranja SK1,6907141,2.7,"2,7l",PET-Boca,,8.89,0.18,3850105169631,Sredstva za èišæenje,9.29
Likvi Deterdžent za posuðe SK1,6907151,0.927,900ml,PET-Boca,,2.49,2.77,3850105170460,Sredstva za èišæenje,2.49
Ferrero Rocher,6907166,0.05,50g,Pakovanje,,1.89,37.8,80177043,Hrana,1.89
Dove Dezodorans SK1,6907175,0.15,150ml,Pakovanje,,5.19,34.6,8000630040843,Kozmetika,5.35
Dove Dezodorans SK1,6907175,0.15,150ml,Pakovanje,,5.19,34.6,8712561820493,Kozmetika,5.35
Dove Dezodorans SK1,6907175,0.15,150ml,Pakovanje,,5.19,34.6,8717644579107,Kozmetika,5.35
Dove Dezodorans SK1,6907175,0.15,150ml,Pakovanje,,5.19,34.6,8720181291715,Kozmetika,5.35
The Garden Brewery Craft pivo SK3,6907187,0.443,"0,44l",Limenka,,1.85,4.2,3858893811855,Piæe,1.85
The Garden Brewery Craft pivo SK3,6907187,0.443,"0,44l",Limenka,,1.85,4.2,3858893811862,Piæe,1.85
"Union svijetlo pivo 4,9%",6907259,0.505,"0,5l",Limenka,,1.22,2.44,3838999050013,Piæe,1.22
Bezalkoholni koktel SK1,6907271,0.33,"0,33l",PET-Boca,-,0.69,2.09,4056489611714,Piæe,0.69
Bio keksi za djecu,6409206,0.15,150g,Vrecica,Lupilu,0.99,6.6,4056489336969,Hrana,0.99
Goldenfood File paèjih prsa,6410893,1,"cca. 0,4-0,6kg",Vakumir. pakov.,,9.99,9.99,2898030000000,Hrana,9.99
Goldenfood File paèjih prsa,6410893,1,"cca. 0,4-0,6kg",Vakumir. pakov.,,9.99,9.99,2898036000000,Hrana,9.99
Goldenfood Svj. paèji batak-zabatak,6410895,1,"cca. 0,4-0,6kg",Vakumir. pakov.,,8.99,8.99,2898058000000,Hrana,8.99
Bio napitak na bazi kokosa i riže,6509214,1.033,1000ml,Karton,Vemondo,1.29,1.29,4056489244707,Hrana,1.29
Amerièki sladoled SK16,6601570,0.43,"485ml,500ml",Posudica,Gelatelli,3.99,8.23,4056489626121,Hrana,3.99
Amerièki sladoled SK16,6601570,0.43,"485ml,500ml",Posudica,Gelatelli,3.99,8.23,4056489626138,Hrana,3.99
Amerièki sladoled SK16,6601570,0.43,"485ml,500ml",Posudica,Gelatelli,3.99,7.98,4056489626138,Hrana,3.99
Svježi krem sir SK10,6601662,0.15,150g,Pakovanje,Deluxe,1.79,11.93,4335619043466,Hrana,1.79
Keksi sa sirom SK2,6608218,0.075,75g,Pakovanje,Deluxe,1.25,16.67,4056489341628,Hrana,1.25
Mini Amerièki sladoled SK1,6608650,0.114,150ml,Posudica,Gelatelli,1.79,11.93,4056489374640,Hrana,1.79
Gulaš SK6,6700114,0.4,400g,Limenka,Pikok,1.99,4.98,20470586,Hrana,1.99
Müsli ploèice jabuka,6700575,0.03,30g,Pakovanje,First Nice,0.29,0.29,20077242,Hrana,0.29
Razlièiti deserti SK11,0146235,0.5,500g,Pakovanje,Deluxe,3.79,7.58,4056489102687,Hrana,3.79
Mješavina za peèenje keksa SK5,0146463,0.18,180g,Vrecica,Belbake,1.19,6.61,4056489104698,Hrana,1.19
Lazanje XXL,0146683,1.15,"1,15kg",Plitica,Chef Select,3.98,3.46,4056489108689,Hrana,5.29
Gumeni medvjediæi,0146966,0.3,300g,Vrecica,Sweet Corner,1.79,5.97,4056489115731,Hrana,1.79
Sladoled Profiteroli,0147415,0.515,850ml,Plitica,Duc de Coeur,2.89,3.4,4056489128250,Hrana,2.89
Grill losos porcija XXL,0148249,0.375,375g,Plitica,Grillmeister,7.49,19.97,4056489470878,Hrana,7.49
"Svježi filet lososa, cca.1kg",0148255,1,cca.1kg,Vakumir. pakov.,,13.99,13.99,2868840000000,Hrana,13.49
"Svježi filet lososa, cca.1kg",0148255,1,cca.1kg,Vakumir. pakov.,,13.99,13.99,2868846000000,Hrana,13.49
"Svježi filet lososa, cca.1kg",0148255,1,cca.1kg,Vakumir. pakov.,,13.99,13.99,2869224000000,Hrana,13.49
Torta SK1,0142427,0.765,"700g,830g",Kart. na prekl.,Italiamo,7.99,9.63,4056489020950,Hrana,7.99
Žitarice SK2,0142679,0.5,500g,Vrecica,Campo Largo,1.19,2.38,20214531,Hrana,1.19
"Pileæa krilca, ljuta",0142690,0.325,325g,Kart. na prekl.,,3.49,10.74,4056489022428,Hrana,3.49
Èaj od kamilice ,0142928,0.038,"25x1,5g",Pakovanje,Lord Nelson,0.59,0.59,4056489228516,Piæe,0.59
Vreæice za led SK2,0143080,0.058,20komad,Kart. na prekl.,Aromata,0.89,0.04,20155223,Proizvodi za kuæanstvo,0.89
Grickalice za maèke Premium SK3,0143095,0.05,50g,Vrecica,Coshida Pure Taste,1.35,27,4056489024729,Proizvodi za kuæanstvo,1.35
Grickalice za pse premium SK4,0143111,0.1,100g,Vrecica,Orlando Pure Taste,2.99,29.9,4056489024705,Proizvodi za kuæanstvo,2.99
Pan. pil. innerfile Cornf. panada,6904316,1,ca.500g,Atmos-Posudica,Gourmet,9.25,9.25,2835165000000,Hrana,9.25
Panirani pileæi odrezak,6904317,0.2,200g,Atmos-Posudica,Gourmet,2.49,12.45,4056489611059,Hrana,2.19
"Proviact tekuæi jogurt 1,0%",6904320,1,1kg,PET-Boca,Pilos,1.59,1.59,4056489074380,Hrana,1.59
Salama jelen / divlja svinja SK3,6904331,0.08,80g,Vakumir. pakov.,Okusi zavièaja,2.35,29.38,4052917689553,Hrana,2.35
Salama jelen / divlja svinja SK3,6904331,0.08,80g,Vakumir. pakov.,Okusi zavièaja,2.35,29.38,4056489073819,Hrana,2.35
BO Domaæa pogaèa,6904332,0.3,300g,Rasuto,,0.99,3.3,3858893881797,Hrana,0.99
Mozzarella u komadu XXL,6904356,0.7,700g,Vakumir. pakov.,,4.79,6.84,3859894087164,Hrana,4.79
Cedevita Fresh SK1,6904371,0.34,340ml,PET-Boca,,1.12,3.29,3850322013427,Piæe,1.12
"Svježe pile, cca. 2kg",6904372,1,ca. 2kg,Vrecica,,3.19,3.19,2146205000000,Hrana,3.19
"Dimljena šunka s kosti, cca. 6kg",6904437,1,ca. 6kg,Vakumir. pakov.,Pikok,4.89,4.89,2845190000000,Hrana,4.89
"Dimljena šunka s kosti, cca. 6kg",6904437,6,ca. 6kg,Vakumir. pakov.,Pikok,4.89,4.89,2845191000000,Hrana,4.89
"Dimljena šunka s kosti, cca. 6kg",6904437,6,ca. 6kg,Vakumir. pakov.,Pikok,4.89,4.89,2845197000000,Hrana,4.89
"Dimljena šunka s kosti, cca. 6kg",6904437,6,ca. 6kg,Vakumir. pakov.,Pikok,4.89,4.89,2845198000000,Hrana,4.89
Vegeta Univerzalni zaèin ,6904454,0.075,75g,Vrecica,,0.99,13.2,3850104008054,Hrana,0.99
"Šljivovica, 38% vol.",6904467,0.953,1l,Boca,Alliance,9.99,9.99,4304493259102,Piæe,9.99
"Gumeni bomboni, voæni, kiseli",0133242,0.3,300g,Vrecica,Sugarland,1.79,5.97,40879277,Hrana,1.79
Sladoled s noguatom i lješnjacima,0133336,0.36,6x80ml,Kart. na prekl.,Gelatelli,3.19,6.65,20850906,Hrana,3.19
"Meki sir u salamuri SK1, ATG 500g",0133524,0.5,500g,Limenka,Eridanous,8.99,17.98,20994761,Hrana,8.99
Gumeni bomboni krokodili,0133897,0.3,300g,Vrecica,Sweet Corner,1.61,5.37,20490782,Hrana,1.79
"Farmer Cookies SK42, UTZ",0134287,0.21,210g,Vrecica,Sondey,2.29,10.9,20927103,Hrana,2.29
Èokoladne pahuljice XXL SK5,0134430,0.9,900g,Kart. na prekl.,Crownfield,3.99,4.43,4056489516255,Hrana,3.99
Chinois SK1,0134907,0.4,400g,Vrecica,Duc de Coeur,2.99,7.48,20712501,Hrana,2.99
Agragold Šeæer u prahu,0135015,0.5,500g,Vrecica,,0.65,1.3,9007829025055,Hrana,0.65
"Pivo Imperiale 7,5%",0135033,0.765,"0,75l",Boca,Abbaye de Vauclair,2.99,3.99,4304493266803,Piæe,2.99
Njega za pranje beba SK5,0135048,0.511,500ml,PET-Boca,Lupilu,2.25,4.5,4056489233091,Kozmetika,2.25
Talianetta Tjestenina s 4 vrsta sir,6906760,0.145,145g,Vrecica,,1.49,10.28,3850104231025,Hrana,1.49
Talianetta Tjestenina Carbonara,6906762,0.16,160g,Vrecica,,1.49,9.31,3850104230943,Hrana,1.49
Ukrasna vreæica 32x26x12cm,6906786,0.08,1komad,Pakovanje,,1.45,1.45,3856023028951,Proizvodi za kuæanstvo,1.45
Ukrasna vreæica 32x26x12cm,6906786,0.08,1komad,Pakovanje,,1.45,1.45,3856023029002,Proizvodi za kuæanstvo,1.45
Ukrasna vreæica 32x26x12cm,6906786,0.08,1komad,Pakovanje,,1.45,1.45,3856023029057,Proizvodi za kuæanstvo,1.45
Ukrasna vreæica 32x26x12cm,6906786,0.08,1komad,Pakovanje,,1.45,1.45,3856023029132,Proizvodi za kuæanstvo,1.45
Ukrasna vreæica 32x26x12cm,6906786,0.08,1komad,Pakovanje,,1.45,1.45,3856023049666,Proizvodi za kuæanstvo,1.45
Ukrasna vreæica vinska 39x12x9cm,6906787,0.045,1komad,Pakovanje,,1.25,1.25,3856023020764,Proizvodi za kuæanstvo,1.25
Ukrasna vreæica vinska 39x12x9cm,6906787,0.045,1komad,Pakovanje,,1.25,1.25,3856023027817,Proizvodi za kuæanstvo,1.25
Rama Margarin Classic,6906852,0.225,225g,Posudica,,1.19,5.29,8719200239883,Hrana,1.19
"Ledo Crni bakalar, filet smrznuti",6906940,0.4,400g,Vrecica,,6.99,17.48,3850116048710,Hrana,6.99
Marshmallow od vanilije,5524178,0.38,380g,Kart. na prekl.,Kuljanka,2.89,7.61,4056489120087,Hrana,2.89
Zamjenski ulošci za lampione XXL,5524403,0.54,4x1komad,Pakovanje,-,3.49,3.49,4334035966885,Proizvodi za kuæanstvo,3.49
Arapska i latinoameri. tortilla SK1,5530970,0.25,250g,Atmos-Pakiranje,Chef Select,2.59,10.36,4335619142701,Hrana,2.59
Voæni èaj SK1,5531343,0.04,20x2g,Kart. na prekl.,Lord Nelson,1.19,1.19,4056489184447,Piæe,1.19
"Pureæi filet XXL, cca. 1-1,5 kg",5533555,1,"ca.1-1,5kg",Vakumir. pakov.,RZEZNIK,7.69,7.69,2835557000000,Hrana,7.75
BIO kukuruzni snack SK1,5534361,0.06,60g,Pakovanje,Snack Day,0.89,14.83,4056489715900,Hrana,0.89
BBQ umak SK1,5543409,0.354,"350g,355g,360g",PET-Boca,Grillmeister,1.89,5.4,4056489584605,Hrana,1.89
BBQ umak SK1,5543409,0.354,"350g,355g,360g",PET-Boca,Grillmeister,1.89,5.32,4056489584605,Hrana,1.89
BBQ umak SK1,5543409,0.354,"350g,355g,360g",PET-Boca,Grillmeister,1.89,5.4,4056489584612,Hrana,1.89
Roleski Bel.-taj. crveni umak SK1 ,5547064,0.315,"290g,340g",PET-Boca,,1.06,3.12,5901044028355,Hrana,1.06
Mini burek rolice SK3,0186840,0.32,320g,Kart. na prekl.,1001 delights,3.49,10.91,20917579,Hrana,3.49
Sladoled Double,0186885,0.28,4x85ml,Kart. na prekl.,Gelatelli,3.99,11.74,4056489803638,Hrana,3.99
Gel za tuširanje SK1,0187004,0.412,400ml,PET-Boca,Cien,1.19,2.98,4056489808763,Kozmetika,1.19
Orange Sunset Vin de France,0187509,0.75,"0,75l",Boca,,4.99,6.65,3186128125904,Piæe,4.99
Bio super hrana u prahu SK2,0187590,0.178,"150g,200g",Vrecica,Optisana,4.99,33.27,4056489816935,Hrana,4.99
Gyoza SK2,0188471,0.15,150g,Pakovanje,Vitasia,2.09,13.93,4056489894223,Hrana,2.09
Gel za tuširanje SK1,0188521,0.412,400ml,PET-Boca,Cien,1.19,2.98,4056489826927,Kozmetika,1.19
Mediteranski zaèini SK2,0189653,0.027,"16g,27g,28g,30g,35g",Staklo,Italiamo,1.59,53,20046262,Hrana,1.59
Mediteranski zaèini SK2,0189653,0.027,"16g,27g,28g,30g,35g",Staklo,Italiamo,1.59,56.79,20046361,Hrana,1.59
Mediteranski zaèini SK2,0189653,0.027,"16g,27g,28g,30g,35g",Staklo,Italiamo,1.59,56.79,20046378,Hrana,1.59
Osvježivaè WC školjke SK2,0190620,0.099,3x33g,Blister,W5,2.45,24.75,4056489585572,Sredstva za èišæenje,2.45
Mlijeèni desert SK70,0190738,0.502,900ml,Plitica,Bon Gelati,3.99,4.43,4056489223344,Hrana,3.99
High Protein riža na mlijeku SK1,0191691,0.2,200g,Posudica,Milbona,0.99,4.95,4056489857341,Hrana,0.99
Jestiva boja plava/žuta/zelena,0192646,0.06,3x20g,Pakovanje,Belbake,2.69,44.83,4056489865650,Hrana,2.69
Šeæerna dekoracija Uskrs SK33,0192649,0.027,"11g,12g,16g,25g,4x25g",Kart. na prekl.,Belbake,1.99,79.6,20947125,Hrana,1.99
Šeæerna dekoracija Uskrs SK33,0192649,0.027,"11g,12g,16g,25g,4x25g",Kart. na prekl.,Belbake,1.99,165.83,4056489442271,Hrana,1.99
Šeæerna dekoracija Uskrs SK33,0192649,0.027,"11g,12g,16g,25g,4x25g",Kart. na prekl.,Belbake,1.99,79.6,4056489865643,Hrana,1.99
Šeæerna dekoracija Uskrs SK33,0192649,0.027,"11g,12g,16g,25g,4x25g",Kart. na prekl.,Belbake,1.99,19.9,4056489865643,Hrana,1.99
Šeæerna dekoracija Uskrs SK33,0192649,0.027,"11g,12g,16g,25g,4x25g",Kart. na prekl.,Belbake,1.99,165.83,4056489865667,Hrana,1.99
Šeæerna dekoracija Uskrs SK33,0192649,0.027,"11g,12g,16g,25g,4x25g",Kart. na prekl.,Belbake,1.99,180.91,4056489865711,Hrana,1.99
Krema za stopala SK2,0193005,0.1,100ml,Tuba,Cien,1.39,13.9,4056489869825,Kozmetika,1.39
"Cider jabuka 4,5%",0193099,0.33,"0,33l",Limenka,Woodgate,0.99,3,4056489877332,Piæe,0.99
Gotova jela za tavu SK57,0194158,0.75,750g,Vrecica,Culinea,4.49,5.99,7740564891272,Hrana,4.49
Kuhinjski ubrusi 3-slojni,0194177,0.926,300Blatt,Pakovanje,Floralys,2.99,1,4056489884514,Proizvodi za kuæanstvo,2.99
Tekuæi deterdžent za rublje SK1,0194399,3.1,3l,PET-Boca,Maxitrat,4.99,4.99,4056489889403,Sredstva za èišæenje,4.99
Hummus SK43,0194606,0.2,200g,Plitica,Vitasia,1.19,5.95,4056489889779,Hrana,1.19
Japanske zaèinske paste SK1,0194906,0.12,120g,Staklo,Vitasia,1.69,14.08,4056489932123,Hrana,1.69
Japanske zaèinske paste SK1,0194906,0.12,120g,Staklo,Vitasia,1.69,14.08,4056489932147,Hrana,1.69
Pribor za manikuru-pedikuru,0418625,0.034,"2ST,1ST",Pakovanje,Cien,3,3,4055334936583,Kozmetika,3
Univerzalna krpa od mikrovla. SK10,0085302,0.063,"2komad,3komad",Kart. na prekl.,W5,2.35,1.18,20431846,Proizvodi za kuæanstvo,2.35
Univerzalna krpa od mikrovla. SK10,0085302,0.063,"2komad,3komad",Kart. na prekl.,W5,2.35,0.78,20431860,Proizvodi za kuæanstvo,2.35
Èips s okusom slanine/èešnjaka SK1,0085314,0.15,150g,Vrecica,Snack Day,0.99,6.6,20213213,Hrana,0.99
Èips s okusom slanine/èešnjaka SK1,0085314,0.15,150g,Vrecica,Snack Day,0.99,6.6,20328399,Hrana,0.99
Èips s okusom slanine/èešnjaka SK1,0085314,0.15,150g,Vrecica,Snack Day,0.99,6.6,40894850,Hrana,0.99
Trolli Gumeni špageti SK2,0085374,0.225,225g,Vrecica,,1.99,8.84,4000512363842,Hrana,1.99
Èetka za kosu,0435985,0.109,1ST,Pakovanje,Cien BEAUTY,1,1,4335633000223,Kozmetika,1
Vesh Tekuæi deterdžent Power Gel Wh,6907892,4.184,4l,Boca,,13.99,3.5,3870128033979,Sredstva za èišæenje,13.99
Tlaèenica,6907893,0.3,300g,Vakumir. pakov.,Okusi zavièaja,1.69,5.63,4056489925330,Hrana,2.39
Violeta Baby vlažne maramice multi,6907895,1.1,5x51Blatt,Pakovanje,,3.49,0.7,3870128036543,Proizvodi za kuæanstvo,3.49
KMT Kruti šampon SK1,6907909,0.04,40g,Kutija,,4.99,124.75,3859892810177,Kozmetika,4.99
BO Burek s mesom,6907962,0.21,210g,Rasuto,,1.49,7.1,4052917522904,Hrana,1.49
"PP Svježe ""Meðimursko"" mar. pile",6907974,1,"ca. 1,6kg",Pakovanje,,3.69,3.69,2114387000000,Hrana,3.69
Spirits of Croatia Smokovaèa 20% v.,6907989,0.5,"0,5l",Boca,,5.79,11.58,3858894860081,Piæe,5.79
Zlato Polje Rezanci s jajima,6907994,0.4,400g,Vrecica,,1.59,3.98,3838700011470,Hrana,1.59
Sunlove Uljni gel za tuširanje SK1,6908054,0.256,250ml,PET-Boca,,2.59,10.36,3850177003819,Kozmetika,2.59
Sredstvo za èišæenje kupaonice,6908057,1,1l,Pakovanje,,1.55,1.55,4056489925552,Sredstva za èišæenje,1.55
Vlažni toaletni papir bioraz. SK1,6908062,0.27,60komad,Pakovanje,Floralys,0.99,0.02,4056489925521,Proizvodi za kuæanstvo,0.99
Fini Mini Instant povrtna juha s r.,6908068,0.38,375g,Vrecica,,1.99,5.31,3856020258368,Hrana,1.99
Mini napolitanke SK1,6908123,0.2,200g,Sortirano,Sondey,0.99,4.95,4056489925583,Hrana,0.99
Lepi deèki pivovara WAITAPU blond,6908141,0.535,"0,5l",Limenka,,1.69,3.38,3859894040220,Piæe,1.69
Lino Lada Namaz Milk,6908206,2.5,"2,5kg",Kanta,,13.99,5.6,3856020216566,Hrana,13.99
Limun 500g,0080170,0.5,500g,Pakovanje,,0.99,1.98,20449568,Hrana,0.99
Nektarina plosnata 500g,0080451,0.5,500g,Pakovanje,,2.99,5.98,20503642,Hrana,2.19
"Grožðe crveno 500g, bez koštica",0080485,0.5,500g,Pakovanje,,2.19,4.38,20229979,Hrana,2.49
"Grožðe bijelo 500g, bez koštica",0080505,0.5,500g,Pakovanje,,2.19,4.38,7898994174844,Hrana,2.19
"Grožðe bijelo 500g, bez koštica",0080505,0.5,500g,Pakovanje,,2.19,4.38,8718858740550,Hrana,2.19
Ananas,0080611,1.655,1komad,Rasuto,,2.22,2.22,20586362,Hrana,2.49
Ananas,0080611,1.655,1komad,Rasuto,,2.22,2.22,20586393,Hrana,2.49
Ananas,0080611,1.655,1komad,Rasuto,,2.22,2.22,20586409,Hrana,2.49
Ananas,0080611,1.655,1komad,Rasuto,,2.22,2.22,7441029614480,Hrana,2.49
Borovnica 125g,0080820,0.125,125g,Pakovanje,,1.49,11.92,3859891662012,Hrana,1.49
Borovnica 125g,0080820,0.125,125g,Pakovanje,,1.49,11.92,8425697101250,Hrana,1.49
Malina 125g,0080835,0.125,125g,Pakovanje,,1.19,9.52,20175818,Hrana,2.29
Bio naranèa 1kg,0081532,1,1kg,Pakovanje,,1.99,1.99,20240257,Hrana,1.99
Bio jabuka crvena 600g,0081559,0.6,600g,Pakovanje,,1.99,3.32,20489212,Hrana,1.99
Bio borovnica,0081685,0.125,125g,Pakovanje,,1.89,15.12,20240165,Hrana,1.99
Salata Iceberg,0082031,0.366,1komad,Rasuto,,0.89,0.89,3859889267304,Hrana,1.39
Salata regica,0082046,0.371,1komad,Rasuto,,0.99,0.99,20388553,Hrana,0.99
Matovilac,0082051,0.125,125g,Pakovanje,,0.99,7.92,20247812,Hrana,1.29
Salata Crispy,0082064,0.08,80g,Pakovanje,,1.09,13.63,25000634,Hrana,1.09
Salata rukola,0082135,0.125,125g,Pakovanje,,0.99,7.92,20205775,Hrana,1.29
Šparoga zelena 500g,0082302,0.5,500g,Pakovanje,,3.79,7.58,3859893269004,Hrana,3.99
Rajèica roma 500g,0082446,0.5,500g,Pakovanje,,0.99,1.98,20242121,Hrana,1.59
Rajèica 1kg,0082488,1,1kg,Pakovanje,,1.39,1.39,20242107,Hrana,2.39
Paprika rog crvena 500g,0082637,0.5,500g,Pakovanje,,2.49,4.98,20247904,Hrana,2.49
Spužvica za šminku,0441136,0.008,1ST,Pakovanje,Cien BEAUTY,0.5,0.5,4335633057937,Kozmetika,0.5
Spužvica za šminku,0441136,0.008,1ST,Pakovanje,Cien BEAUTY,0.5,0.5,4335633057975,Kozmetika,0.5
Spužvica za šminku,0441136,0.008,1ST,Pakovanje,Cien BEAUTY,0.5,0.5,4335747028243,Kozmetika,0.5
Yakitori pileæi ražnjiæi,5227935,0.18,180g,Kart. na prekl.,Vitasia,2.79,15.5,4056489852544,Hrana,3.59
"Kare,narezani SK2",5300489,0.3,300g,Atmos-Pakiranje,Hatherwood,2.99,9.97,20582982,Hrana,2.99
Irish Gin 40%,5302814,0.7,700ml,Boca,,10.49,14.99,4304493258600,Piæe,10.49
Punjeni dumplings losos SK2,5501285,0.35,350g,Atmos-Pakiranje,Deluxe,1.79,5.11,20586188,Hrana,1.79
Pribor za manikuru-pedikuru,0426320,0.036,"2ST,1ST",Pakovanje,Cien BEAUTY,1,1,4058143079144,Kozmetika,1
Svježi filet pileæih prsa,6907295,1,ca. 1kg,Vakumir. pakov.,,5.65,5.65,2895142000000,Hrana,5.25
"BIO ""Perfa Najsretnija jaja""",6907307,0.44,6komad,Pakovanje,,1.69,1.69,3859889056458,Hrana,1.69
Hand cooked chips s tartufima,6907333,0.125,125g,Vrecica,Deluxe,0.99,7.92,4056489612032,Hrana,0.99
Podravka BBQ Umak Classic,6907358,0.345,345g,PET-Boca,,2.19,6.35,3856020264321,Hrana,2.19
Lino Pillows Milk,6907362,0.7,700g,Vrecica,,4.59,6.56,3856020262730,Hrana,4.19
Campari,6907409,0.7,"0,7l",Boca,,15.29,21.84,8000040001106,Piæe,15.29
Krakovi humboldtove lignje,6907458,0.46,460g,Atmos-Pakiranje,Naša ribarnica,3.39,7.37,3859893912139,Hrana,3.39
Èips leæa slani,6907462,0.05,50g,Vrecica,Snack Day,0.69,13.8,4056489612148,Hrana,0.69
Teleæi but bez kosti,6907473,1,ca. 900g,Atmos-Pakiranje,,10.99,10.99,2895180000000,Hrana,10.99
Šibenska pivovara Mirna & Dobra,6907519,0.5,"0,5l",Limenka,,1.99,3.98,0725765929990,Piæe,1.99
"Svinjski kare bez kosti, mariniran",6907524,1,cca. 400g,Atmos-Pakiranje,Naša mesnica,8.49,8.49,2896340000000,Hrana,8.49
Eurocompany Kukuruz kokièar,6907558,0.4,400g,Pakovanje,,0.89,2.23,3872084004024,Hrana,0.89
"Cromaris Zubatac, ca. 900g",6907560,1,ca. 900g,Atmos-Pakiranje,,21.99,21.99,2128023000000,Hrana,21.99
"Cromaris Zubatac, ca. 900g",6907560,1,ca. 900g,Atmos-Pakiranje,,21.99,21.99,2128026000000,Hrana,21.99
Craft Istarska Kobasica,6907580,0.32,320g,Vakumir. pakov.,Okusi zavièaja,4.49,14.03,4056489925071,Hrana,4.49
Marinirana pileæa krila,6907588,0.5,500g,Atmos-Pakiranje,Naša mesnica,2.79,5.58,4061461471194,Hrana,2.79
Zim. tek. za vjetr. staklo -25°C,6907613,5,5l,PET-Boca,,3.49,0.7,3858887314447,Proizvodi za kuæanstvo,3.49
BO Domaæi hrskavi zlatni kruh,6907625,0.42,420g,Rasuto,,1.19,2.83,3859892466947,Hrana,1.19
Palmolive Tekuæi sapun SK1,6907657,0.519,500ml,Vrecica,,2.99,5.98,8714789510309,Kozmetika,2.99
Delikatess šunka,6907668,0.15,150g,Atmos-Pakiranje,Pikok,2.39,15.93,4056489925286,Hrana,2.39
Lana Milk kiselo vrhnje 12%,6907746,0.85,850g,Pakovanje,,2.09,2.46,5998200571039,Hrana,2.09
Pure Milk vrhnje za kuhanje 21%,6907747,1,1kg,Pakovanje,,2.99,2.99,5998200570902,Hrana,2.99
Helena Sapun od kozjeg mlijeka SK1,6907803,0.105,105g,Pakovanje,,3.55,33.81,3859893988028,Kozmetika,3.55
"Pan Lager svijetlo pivo 4,8%",6907816,4,"8x0,5l",Limenka,,7.79,1.95,3858887584628,Piæe,7.79
MIH sirana Paški ex. tvrdi sir ZOI,6907832,0.2,200g,Atmos-Pakiranje,,8.99,44.95,3859893853432,Hrana,8.99
MIH sirana dimljeni ovèji sir,6907833,0.2,200g,Atmos-Pakiranje,,6.99,34.95,3859893853517,Hrana,6.99
"MIH sirana Tartufin, sir s tartufom",6907834,0.2,200g,Atmos-Pakiranje,,6.99,34.95,3859893853494,Hrana,6.99
"'z bregov Svježe mlijeko 3,2% m.m.",6901020,1.75,"1,75l",PET-Boca,,2.42,1.38,3850108011753,Hrana,2.42
Kinder Bueno White 3 pak.,6901036,0.117,3x39g,Pakovanje,,3.19,27.26,8000500121436,Hrana,3.19
Buket Krizantema,6901067,0.034,1komad,Pakovanje,,2.12,2.12,3858889018404,Proizvodi za kuæanstvo,2.12
Jägermeister biljni liker 35%,6901090,0.7,"0,7l",Boca,,16.99,24.27,4067700013019,Piæe,16.49
BO Hot-dog pecivo SUS,6901093,0.08,80g,Rasuto,,0.32,4,3859890771135,Hrana,0.32
"Löwenbräu Svijetlo pivo 4%, 2l",6901098,2,2l,PET-Boca,,2.68,1.34,3850131004654,Piæe,2.68
"Hoegaarden pšenièno pivo 4,9%",6901138,0.33,"0,33l",Boca,,1.85,5.61,5410228141785,Piæe,1.85
Pitroid Spirala citronella mirisa,6901168,0.153,10komad,Pakovanje,,2.95,0.3,3856007902116,Proizvodi za kuæanstvo,2.95
Pitroid Sprej protiv gmižuæih kuka.,6901172,0.28,300ml,Limenka,,3.69,12.3,3856007903618,Proizvodi za kuæanstvo,3.69
RFA Puding èokolada sa šlagom,6901216,0.5,4x125g,Pakovanje,Pilos,1.49,2.98,20660314,Hrana,1.49
Tekuæi jogurt jagoda-vanilija,6901217,1,1kg,PET-Boca,Pilos,1.99,1.99,4056489316244,Hrana,1.99
"'z bregov Jogurt 2,8% m.m.",6901294,1.75,"1,75l",PET-Boca,,2.99,1.71,3850108037265,Hrana,2.99
Tuš za oèi SK3 ,0120329,0.006,1komad,Pakovanje,Cien Beauty,2.35,2.35,4056489619857,Kozmetika,2.35
Grickalice SK1,0120556,0.15,150g,Vrecica,MCENNEDY,1.49,9.93,20770983,Hrana,1.49
Grèki jogurt SK3,0120747,0.5,4x125g,Posudica,Eridanous,1.65,3.3,20781712,Hrana,1.65
BO Lisnato s višnjom i pudingom,0120946,0.1,90g,Rasuto,,0.49,5.44,20786458,Hrana,0.49
Inzolia IGP Terre Siciliane,0121030,0.75,"0,75l",Boca,CORTE AURELIO,2.69,3.59,4056489737780,Piæe,2.69
Goveða juha s mesnim okruglicama,0121218,0.064,64g,Pakovanje,Kania,0.69,10.78,20800062,Hrana,0.69
Korneti SK1,0121358,0.45,6x120ml,Kart. na prekl.,Gelatelli,3.39,4.71,20800871,Hrana,3.39
Peèena govedina SK1,0121795,0.09,90g,Atmos-Pakiranje,Deluxe,3.39,37.67,20769895,Hrana,3.39
Njegujuæe ulje za nokte,0121890,0.011,11ml,Pakovanje,Cien,1.59,1.59,20872458,Kozmetika,1.59
Alkalna baterija AAA,0121965,0.115,10komad,Pakovanje,Tronic,2.25,0.23,20846923,Proizvodi za kuæanstvo,2.25
Chilli umaci SK7,0179694,0.108,100ml,Staklo,Kania,1.79,17.9,4056489602187,Hrana,1.79
Spring rolls SK3 ,0179946,0.4,400g,Kart. na prekl.,Vitasia,2.99,7.48,20138387,Hrana,2.99
Tartufo sladoled SK2,0180023,0.18,2x90g,Kart. na prekl.,Italiamo,2.29,12.72,4056489817529,Hrana,2.29
Tvrdi bomboni SK1,0180452,0.095,"80g, 100g",Vrecica,Amanie,1.09,10.9,4056489713333,Hrana,1.09
BO Pšenièni bijeli kruh,0180897,0.28,250g,Rasuto,-,1.49,5.96,4056489718857,Hrana,1.49
Fitness Bowl SK1,0181184,0.4,400g,Plitica,Culinea,2.89,7.23,4056489723288,Hrana,2.89
Mlijeèno žitna ploèica SK1,0181341,0.212,"9x23,5g",Pakovanje,Mister Choc,3.14,14.85,4056489724193,Hrana,3.49
Poslastice za pse SK15,0181760,0.2,200g,Vrecica,Orlando,2.99,14.95,4056489593195,Proizvodi za kuæanstvo,2.99
Mochis u obliku srca,0182507,0.21,6x35g,Kart. na prekl.,Für Dich,4.49,21.38,4056489746416,Hrana,4.49
Kinder Mini jaja lješnjak ,0183656,0.085,85g,Vrecica,,2.69,31.65,8000500392133,Hrana,2.69
Kotanyi Secrets SK4,0184462,0.035,"25g,30g,35g,38g,40g",Vrecica,,0.79,0.79,9001414011539,Hrana,0.79
Sir u listiæima sa zaèinima OGT SK2,0185014,0.1,100g,Pakovanje,Milbona,1.49,14.9,4056489781776,Hrana,1.49
Bezalkoholno pšenièno pivo,0185799,0.512,"0,5l",Limenka,Perlenbacher,0.69,1.38,4304493270664,Piæe,0.69
Instant kava RFA 100% Robusta,0186202,0.2,200g,Staklo,Bellarom,5.99,29.95,4056489798415,Piæe,5.99
Antico Frantoio,0186243,0.458,500ml,Limenka,,7.49,14.98,8020927002873,Hrana,7.49
Èetka za èišæenje lica,0436012,0.093,1ST,Pakovanje,Silvercrest Personal Care,5,5,4335633004078,Kozmetika,5
Set kozmetièkih kistova u torbici,0436013,0.173,1ZSE,Pakovanje,Cien BEAUTY,3,3,4335633000308,Kozmetika,3
Lasagne Vegan,0166041,0.4,400g,Plitica,Vemondo,2.99,7.48,4056489482017,Hrana,2.99
Tekuæi sapun za ruke antibakt. SK1,0166335,1.044,1l,Vrecica,Cien,1.99,1.99,4056489345312,Kozmetika,1.99
Bezglutenski keksi s èokoladom,0166356,0.15,150g,Kart. na prekl.,Sondey,1.99,13.27,4056489487241,Hrana,1.99
Muffini punjeni SK3,0166431,0.368,"360g,375g",Pakovanje,MCENNEDY,2.89,8.03,4056489416463,Hrana,2.89
Muffini punjeni SK3,0166431,0.368,"360g,375g",Pakovanje,MCENNEDY,2.89,7.71,4056489416463,Hrana,2.89
Losos u lisnatom tijestu SK1,0166719,0.7,700g,Kart. na prekl.,Deluxe,8.09,11.56,4056489490906,Hrana,8.09
Sardine u suncokretovom ulju,0166976,0.375,3x125g,Kart. na prekl.,XXL,2.79,7.44,4056489495079,Hrana,2.79
Wrap punjenje SK1,0167261,0.4,400g,Limenka,El Tequito,2.69,6.73,4056489290803,Hrana,2.69
Azijsko gotovo jelo SK1,0167458,0.36,360g,Posudica,Vitasia,3.69,10.25,4056489291169,Hrana,3.69
Azijsko gotovo jelo SK1,0167458,0.36,360g,Posudica,Vitasia,3.69,10.25,4056489291176,Hrana,3.69
Zeleni èaj UTZ SK22,0167574,0.044,"25x1,75g",Kart. na prekl.,Lord Nelson,1.29,1.29,4056489431282,Piæe,1.29
Zeleni èaj UTZ SK22,0167574,0.044,"25x1,75g",Kart. na prekl.,Lord Nelson,1.29,1.29,4056489440222,Piæe,1.29
Craft pivo SK19,0168115,0.5,"0,5l",Limenka,-,1.39,2.78,4054500140182,Piæe,1.29
Mesni sir XXL SK1,0168204,0.492,"450g,500g",Atmos-Pakiranje,Dulano,3.99,7.98,4056489520306,Hrana,3.99
Krema za ruke SK7,0168553,0.101,100ml,Tuba,Cien,1.04,10.4,4056489526759,Kozmetika,1.15
Hrana za maèke  SK2,0129743,0.415,415g,Limenka,Sweet Cat,0.75,1.81,20942519,Proizvodi za kuæanstvo,0.75
Claudel/Istara Sirni specijaliteti,0130333,0.195,"150g,200g,220g",Pakovanje,,2.99,19.93,20611194,Hrana,2.99
Claudel/Istara Sirni specijaliteti,0130333,0.195,"150g,200g,220g",Pakovanje,,2.99,14.95,3228024090303,Hrana,2.99
Chicken Nuggets s umakom,0130339,0.3,300g,Kart. na prekl.,-,3.49,11.63,20915337,Hrana,3.49
Aromat. koktel na bazi vina Mango,0130416,0.75,"0,75l",Boca,Allini,1.95,2.6,4056489833796,Piæe,1.95
Biljni margarin 60%,0130646,0.5,500g,Posudica,Vita D'or,1.79,3.58,20964849,Hrana,1.79
Grickalice za pse SK1,0130809,0.16,"100g,150g,200g",Vrecica,Orlando,0.89,4.45,20971595,Proizvodi za kuæanstvo,0.89
Grickalice za pse SK1,0130809,0.16,"100g,150g,200g",Vrecica,Orlando,0.89,5.93,20971618,Proizvodi za kuæanstvo,0.89
Sigurnosni štapiæi za uši,0130996,0.034,72komad,Box,Lupilu Nature,0.85,0.01,20975210,Proizvodi za kuæanstvo,0.85
Podloga za prematanje,0130998,0.5,10komad,Vrecica,Lupilu,3.19,0.32,20975241,Proizvodi za kuæanstvo,3.19
Kozmetièko ogledalo,0435638,0.301,1ST,Pakovanje,Cien BEAUTY,3,3,4334036084519,Kozmetika,3
'z bregov Proteinski napitak vanil.,6903398,0.529,"0,5l",PET-Boca,,2.52,5.04,3850108023701,Hrana,2.52
Multivita Direct SK5,6903521,0.03,"30g,37,5g",Sortirano,,4.59,4.59,3858881248601,Hrana,4.59
"Paulaner Svijetlo pivo 4,9%",6903573,0.5,"0,5l",Limenka,,1.78,3.56,4066600211815,Piæe,1.78
Nivea Sun Ulje u spreju s karotenom,6903609,0.2,200ml,PET-Boca,,7.29,36.45,4005900478566,Kozmetika,7.29
Nivea Sun P&M hidra. Trigger ZF30,6903612,0.3,300ml,PET-Boca,,9.95,33.17,4005808473908,Kozmetika,9.95
Whiskas Hrana za maèke SK,0001024,0.34,4x85g,Pakovanje,,2.75,8.09,4770608263652,Proizvodi za kuæanstvo,2.75
Sladoled SK12,0207510,0.445,750ml,Posudica,Italiamo,2.79,3.72,20001391,Hrana,2.79
Sladoled SK12,0207510,0.445,750ml,Posudica,Italiamo,2.79,3.72,20007959,Hrana,2.79
Smoothie na štapiæu SK2,0207705,0.21,210g,Kart. na prekl.,Vemondo,2.99,14.24,4335619030343,Hrana,2.99
Salata od tune SK10,0208290,0.22,220g,Limenka,Vitasia,2.49,11.32,4335619036079,Hrana,2.49
Proteinski prutiæ s punjenjem SK1,0208380,0.05,50g,Pakovanje,-,1.59,31.8,4056489997658,Hrana,1.59
Veganske pljeskavice,0208989,0.27,270g,Kart. na prekl.,Vemondo,2.59,9.59,4335619044937,Hrana,2.59
"""N"" WC osvježivaè 4x40g SK1",0209303,0.16,4x40g,Pakovanje,,0.99,6.19,4056489882022,Sredstva za èišæenje,0.99
"Emily in Paris Kir Royal 5,5% Vol.",0209884,0.2,"0,2l",Limenka,,0.79,3.95,4335619046788,Piæe,0.79
Prutiæi za pse SK6,0209887,0.176,16x11g,Pakovanje,Orlando,2.19,12.44,4056489915218,Proizvodi za kuæanstvo,2.29
Keksi s komadiæima èokolade Vegan ,0210408,0.225,225g,Pakovanje,Sondey,1.89,8.4,4335619057487,Hrana,1.89
Èokoladne lizalice 5 kom.,0210441,0.075,75g,Pakovanje,Mister Choc,1.29,17.2,4335619057500,Hrana,1.29
Premium pizza SK1,0211831,0.42,"430g,427g,403g",Kart. na prekl.,Deluxe,3.72,9.23,4335619069848,Hrana,3.72
Premium pizza SK1,0211831,0.42,"430g,427g,403g",Kart. na prekl.,Deluxe,3.72,8.65,4335619069855,Hrana,3.72
"Käsewelt gouda, cca.3kg",0211915,1,ca. 3kg,Pakovanje,,5.99,5.99,2802216000000,Hrana,5.99
Draže bomboni mint,0212068,0.038,38g,Pakovanje,Sweet Corner,0.39,0.39,4335619077171,Hrana,0.39
Papar u mlincu SK2,0212395,0.087,"90g,85g",Staklo,Deluxe,3.52,41.41,4335619266162,Hrana,3.52
"Sendviè keksi Choco Duo, Vegan",0213210,0.5,500g,Pakovanje,Sondey,2.29,4.58,4335619082946,Hrana,2.29
Goldbrand Spirituose 28% Vol.,0213562,0.673,"0,7l",Boca,Alliance,5.39,7.7,4304493269989,Piæe,5.39
Tekuæi sapun SK3,0214160,0.524,500ml,PET-Boca,Cien,1.19,2.38,4056489622611,Kozmetika,1.19
Tablete za pranje posuða,0215014,1.02,60x17g,Pakovanje,W5,6.99,6.85,4335619185265,Sredstva za èišæenje,6.99
Pelene Junior 5,0215131,4.06,144komad,Pakovanje,Lupilu,19.49,0.14,4335619099999,Proizvodi za kuæanstvo,19.49
Veganski namaz SK1,0215252,0.15,150g,Posudica,Vemondo,1.79,11.93,4335619100954,Hrana,1.79
Krem sir SK84,0215272,0.125,125g,Pakovanje,Milbona,1.99,15.92,4335619101012,Hrana,1.99
Punjena premium tjestenina SK9,0215573,0.25,250g,Pakovanje,Deluxe,2.69,10.76,4056489884798,Hrana,2.69
Tortilla èips XXL SK3,0215815,0.375,375g,Vrecica,Snack Day,1.79,4.77,4335619091832,Hrana,1.79
Štapiæi za dentalnu njegu pasa SK1,0216941,0.27,270g,Vrecica,Orlando,1.49,5.52,4335619110311,Proizvodi za kuæanstvo,1.49
"Jaja iz kaveznog uzgoja, razred ""S""",6908253,0.5,10komad,Pakovanje,,0.99,0.1,3859892521035,Hrana,0.99
Festigia Castello,6908289,0.75,"0,75l",Boca,,13.89,18.52,3858881191990,Piæe,13.89
Nivea Gel za tuširanje SK1,6908301,0.512,500ml,PET-Boca,,5.99,11.98,9005800282503,Kozmetika,4.49
Nivea Gel za tuširanje SK1,6908301,0.512,500ml,PET-Boca,,5.99,11.98,9005800286570,Kozmetika,4.49
Dorina Èokolada jag. & van.,6908317,0.095,95g,Pakovanje,,1.35,14.21,3850102009947,Hrana,1.35
Kraš Èajni kolutiæi,6908322,0.8,800g,Pakovanje,,2.99,3.74,3870450001356,Hrana,2.99
Sunlove Njega za kosu SK1,6908343,0.256,250ml,PET-Boca,,2.59,10.36,3850177003789,Kozmetika,2.59
Somersby Cider borovnica,6908346,0.5,"0,5l",Limenka,,1.78,3.56,3858887584161,Piæe,1.78
BO Premium Craft kruh,6908396,0.4,400g,Rasuto,,2.29,5.73,4052917985457,Hrana,2.29
Dalmatinska panceta narezak,6908415,0.25,250g,Vakumir. pakov.,Okusi zavièaja,3.99,15.96,4056489926122,Hrana,3.99
Paulaner Münchener Svijetlo pivo,6908417,2,"4x0,5l",Limenka,,5.59,2.8,4066600311812,Piæe,5.59
"Toaletni papir 4-sloja, 10x180lis.",6908421,0.2,10x180Blatt,Pakovanje,Floralys,3.69,0.37,4056489926139,Proizvodi za kuæanstvo,3.69
Zeleni èaj 100% RFA,6908430,0.03,30g,Kart. na prekl.,Lord Nelson,0.45,0.45,4056489926160,Piæe,0.45
Aperol Spritz,6908459,0.62,"3x0,2l",Pakovanje,,10.08,16.8,8002230340538,Piæe,10.08
Lacalut Pasta za zube SK1,6908503,0.091,75ml,Tuba,,4.29,57.2,4016369726358,Kozmetika,4.29
Badel Pelinkovac Antique 35%,6908528,0.05,"0,05l",Boca,,1.75,35,3850112111289,Piæe,1.75
Voæni jogurt 2.8% jagoda,6908544,0.4,400g,Pakovanje,Pilos,0.99,2.48,4056489926283,Hrana,0.99
Vinceto jabuèni ocat 5%,6908568,1,1l,PET-Boca,,1.05,1.05,3850164243594,Hrana,1.05
Vinceto vinski ocat 6%,6908569,1,1l,PET-Boca,,1.05,1.05,3850164243600,Hrana,1.05
Losion za tijelo SK7,0098716,0.412,400ml,PET-Boca,Cien,2.39,5.98,20516475,Kozmetika,2.39
Losion za tijelo SK7,0098716,0.412,400ml,PET-Boca,Cien,2.39,5.98,20916121,Kozmetika,2.39
Maska za lice 2x8ml SK2,0098722,0.017,1komad,Pakovanje,Cien,0.59,0.59,20516529,Kozmetika,0.59
Basmati riža,0098995,2,2kg,Vreca,Vitasia,5.99,3,20565367,Hrana,5.99
BENGAL Spirala protiv komaraca,0099017,0.122,10komad,Pakovanje,,0.99,0.1,8008090603271,Proizvodi za kuæanstvo,0.99
Friskies hrana za pse pil. i gove.,0000508,10,10kg,Vrecica,Nestlé,27.99,2.8,7613031395491,Proizvodi za kuæanstvo,27.99
Naturella Ultra ulošci SK,0000538,0.148,"40komad,32komad,28komad",Pakovanje,,4.79,0.15,4015400197546,Proizvodi za kuæanstvo,4.79
Naturella Ultra ulošci SK,0000538,0.148,"40komad,32komad,28komad",Pakovanje,,4.79,0.12,4015400197546,Proizvodi za kuæanstvo,4.79
Felix Party Mix Posl. za maèke Or.,0000552,0.06,60g,Samost.vreca,Nestlé,1.49,24.83,3858890176933,Proizvodi za kuæanstvo,1.49
FA Dezodorans Fresh&Dry Pink Sorbet,0000560,0.094,150ml,Sprühdose,Henkel,1.99,13.27,9000101251166,Kozmetika,1.99
Ariel prašak +ultra oxi 70 pranja,0000659,3.85,"3,85kg",Pakovanje,,20.99,5.45,8006540940594,Sredstva za èišæenje,20.99
"Ariel kapsule All in One Color, 50k",0000660,1.025,50kom,Pakovanje,,17.99,0.36,8001090250681,Sredstva za èišæenje,17.99
Carefree dnevni ulošci cotton feel ,0000676,0.2,100kom,Kart. na prekl.,,3.89,0.04,3574661690322,Proizvodi za kuæanstvo,3.89
Gillette Simply Venus jedn. brit.,0000687,0.078,6komad,Pakovanje,,6.35,1.06,7702018426201,Kozmetika,6.65
Haribo gumeni bomboni SK1,0000701,0.2,200g,Vrecica,,2.45,12.25,9002975377218,Hrana,2.45
Schauma šampon SK2,0000720,0.77,750ml,Dozator,Henkel,6.99,9.32,9000101681246,Kozmetika,6.99
Gliss regenerator Colour Perfector,0000726,0.2,250ml,PET-Boca,Henkel,2.79,13.95,9000100218023,Kozmetika,2.79
Perwoll Tekuæi det. Color 40 pranja,0000760,2.056,2l,PET-Boca,,8.95,4.48,9000101810479,Sredstva za èišæenje,8.95
Kellogg’s Trésor Milk Choco,0000828,0.41,410g,Kart. na prekl.,,3.29,8.02,5053827199667,Hrana,3.29
"Filet lososa s kožom, cca. 200-400g",0124551,1,ca. 200-400g,Pakovanje,-,19.99,19.99,2895630000000,Hrana,19.99
Bio Organic Pizza Pršut,0124651,0.35,350g,Kart. na prekl.,Trattoria Alfredo,3.79,10.83,4056489255215,Hrana,3.79
Mini Mozzarella (OGT) SK5,0125645,0.125,125g,Posudica,Milbona,1.39,11.12,20851743,Hrana,1.39
Skyr (jogurt) voæni SK1,0125984,0.15,150g,Posudica,Pilos,0.95,6.33,20881054,Hrana,0.95
Rumenilo SK5,0126194,0.005,1komad,Pakovanje,Cien,2.39,2.39,4056489790464,Kozmetika,2.39
Hrana za pse [SC] SK6,0126679,0.15,150g,Plitica,Orlando Gourmet,0.65,4.33,20861353,Proizvodi za kuæanstvo,0.65
Hrana za pse [SC] SK6,0126679,0.15,150g,Plitica,Orlando Gourmet,0.65,4.33,20861377,Proizvodi za kuæanstvo,0.65
Sredstvo za èišæenje stakla,0127088,0.991,1l,PET-Boca,W5,1.79,1.79,4056489135852,Sredstva za èišæenje,1.79
Remington Pegla za kosu,0462342,0.426,1ST,Pakovanje,,14.99,14.99,5038061165517,Kozmetika,14.99
Kutija za nakit,0458585,0.172,1ST,Pakovanje,Cien BEAUTY,3,3,4335747008733,Kozmetika,3
"Ukrasi za lice, kosu i nokte",0458590,0.023,1ST,Pakovanje,Cien BEAUTY,0.5,0.5,4335747045592,Kozmetika,0.5
"Ukrasi za lice, kosu i nokte",0458590,0.023,1ST,Pakovanje,Cien BEAUTY,0.5,0.5,4335747045639,Kozmetika,0.5
"Ukrasi za lice, kosu i nokte",0458590,0.023,1ST,Pakovanje,Cien BEAUTY,0.5,0.5,4335747045691,Kozmetika,0.5
Kovèeg za nakit,0460597,0.958,1ST,Pakovanje,Esmara,13.99,13.99,4335815035821,Kozmetika,13.99
Mesne okruglice orijentalne SK1,0195122,0.28,280g,Atmos-Pakiranje,1001 delights,2.79,9.96,4056489904939,Hrana,2.79
Zrnati svježi sir XXL,0195314,0.45,450g,Posudica,Milbona,2.49,5.53,4056489908494,Hrana,2.49
Bio djeèja kašica laku noæ s grizom,0196261,0.19,190g,Staklo,Lupilu,0.95,5,4056489918219,Hrana,0.95
Masline SK20,0196890,0.15,150g,Plitica,1001 delights,1.95,13,4056489920090,Hrana,1.95
Kuskus SK1,0196894,0.09,"89g,90g",Posudica,1001 delights,1.29,14.49,4056489920113,Hrana,1.29
Kuskus SK1,0196894,0.09,"89g,90g",Posudica,1001 delights,1.29,14.33,4056489920113,Hrana,1.29
Gurmanske salame SK1,0196953,0.08,80g,Atmos-Pakiranje,Deluxe,2.29,28.63,4056489920281,Hrana,2.29
"Bio kašica puretina, riža, povræe",0196976,0.22,220g,Staklo,Lupilu,0.95,4.32,20995904,Hrana,0.95
Proljetne rolice,0197734,0.55,550g,Pakovanje,Vitasia,3.79,6.89,4056489983897,Hrana,3.99
Specijalna pasta za zube SK8,0197871,0.154,125ml,Tuba,Dentalux,1.05,8.4,4056489840350,Kozmetika,1.05
High Protein Pizza SK5,0198603,0.367,"354g,379g",Kart. na prekl.,Trattoria Alfredo,3.99,11.27,4056489754138,Hrana,3.99
Bio voæna kašica SK1,0199176,0.4,4x100g,Kart. na prekl.,Lupilu,2.39,5.98,4056489691457,Hrana,2.19
Bio voæna kašica SK1,0199176,0.4,4x100g,Kart. na prekl.,Lupilu,2.39,5.98,4056489691464,Hrana,2.19
Kuglice od peradi s mesn. sirom SK1,0199351,0.3,300g,Kart. na prekl.,Alpenfest,2.79,9.3,4056489940043,Hrana,2.25
Kizakura sake,0200028,0.18,"0,18l",Boca,,2.93,16.28,4901410013597,Piæe,2.93
Burger SK1,0200893,0.205,"200g,210g",Atmos-Pakiranje,Chef Select,1.99,9.95,4056489788553,Hrana,1.99
Kotanyi Zaèini za roštilj,0202883,0.08,80g,Limenka,,1.99,24.88,9001414206874,Hrana,1.99
"Mars,Snickers,Twix,Bou.Minis SK2",0203889,0.275,275g,Vrecica,,3.59,13.05,5000159560696,Hrana,3.59
Grèki umaci SK1,0204413,0.19,190g,Staklo,Eridanous,2.14,11.26,4335619011328,Hrana,Nije_bilo_u_prodaji_02.05.2025
Sok od jabuke 30%,0205130,2.588,"10x0,25l",Pakovanje,Solevita,2.99,1.2,4335619013612,Piæe,2.99
Smrznuto voæe XXL SK7,0205394,0.925,"1000g,750g",Vrecica,Freshona,4.49,5.99,20535179,Hrana,4.49
XXL Zaèin za salatu u limenci SK1,0205405,0.154,"140g,155g,160g,165g",Limenka,Kania,2.99,19.29,4335619015210,Hrana,2.99
XXL Zaèin za salatu u limenci SK1,0205405,0.154,"140g,155g,160g,165g",Limenka,Kania,2.99,19.29,4335619015227,Hrana,2.99
Ledena kava SK21,0205565,0.261,250ml,Posudica,Milbona,0.99,3.96,20682873,Hrana,0.67
Pro Vitamin Šampon SK5,0206646,0.413,400ml,PET-Boca,Cien,1.99,4.98,4056489994145,Kozmetika,1.99
Šampon za kosu SK3,0206652,0.412,400ml,PET-Boca,Cien,1.99,4.98,4056489994251,Kozmetika,1.99
Premium mlijeèni desert SK2,0206713,0.5,900ml,Posudica,Bon Gelati,4.49,4.99,4335619021242,Hrana,4.49
Zott Jogobella jogurt SK1,0206727,0.15,150g,Posudica,,0.65,4.33,4014500503646,Hrana,0.65
Gel za tuširanje SK1,5549442,0.52,500ml,PET-Boca,Cien,1.29,2.58,4056489662327,Kozmetika,1.29
"Lampion L-11, 100g / 35h",5552201,0.58,1komad,Nepakirano,-,2.99,2.99,4056489715474,Proizvodi za kuæanstvo,2.99
"Lampion L-6, 100g / 35h",5552202,0.58,1komad,Nepakirano,-,3.89,3.89,4056489715481,Proizvodi za kuæanstvo,3.89
Bijela èokolada,5553423,0.1,100g,Tabla,,0.85,8.5,5904358566605,Hrana,0.85
Mlij. èok. kik. i grožð./draže SK2,5553479,0.1,100g,Tabla,,1.09,10.9,5904358566629,Hrana,1.19
Trièetvrtmasni maslac,5553952,0.2,200g,Pakovanje,Pilos,1.79,8.95,5900120025905,Hrana,1.79
"Gel za intimnu njegu, SK2",5556056,0.41,400ml,Pakovanje,Siempre,1.69,4.23,4056489785378,Kozmetika,1.69
Proljetne rolice SK2,5560252,0.23,230g,Atmos-Posudica,Vitasia,2.29,9.96,4056489880882,Hrana,2.29
Tekuæi sapun SK2,5561638,1.025,1000ml,Pakovanje,Cien,1.04,1.04,4056489813453,Kozmetika,1.15
Pereci u obliku srca,5567129,0.2,200g,Pakovanje,Alpenfest,0.69,3.45,4335619035843,Hrana,0.69
Deterdžent za posuðe SK1,5568840,1.538,"1,5l",PET-Boca,W5,1.59,1.06,4335619095090,Sredstva za èišæenje,Nije_bilo_u_prodaji_02.05.2025
Mirisne luèice SK8 ,5569779,0.214,18komad,Pakovanje,-,1.59,0.09,4335619141377,Proizvodi za kuæanstvo,1.59
Mirisne luèice SK8 ,5569779,0.214,18komad,Pakovanje,-,1.59,0.09,4335619141391,Proizvodi za kuæanstvo,1.59
BO Berliner s pistacijom,5570126,0.09,90g,Rasuto,,0.89,9.89,4335619141780,Hrana,0.89
Gewürztraminer Elsass AOP,5600008,0.75,"0,75l",Boca,,3.98,5.31,20054229,Piæe,3.98
Èokoladni fondant,5602016,0.45,450g,Kart. na prekl.,Duc de Coeur,5.21,11.58,4056489727606,Hrana,5.21
Pribor za manikuru-pedikuru,0444728,0.04,1ST,Pakovanje,Cien BEAUTY,0.5,0.5,4335747006760,Kozmetika,0.5
Pribor za manikuru-pedikuru,0444728,0.04,1ST,Pakovanje,Cien BEAUTY,0.5,0.5,4335747006784,Kozmetika,0.5
Sušilo za kosu,0444780,0.593,1ST,Pakovanje,Silvercrest Personal Care,7,7,4335747009068,Kozmetika,7
Pribor za kozmetiku i manikuru,0444866,0.034,1ST,Pakovanje,Cien BEAUTY,1,1,4335633058217,Kozmetika,1
Èetka za kosu,0444882,0.079,1ST,Pakovanje,Cien BEAUTY,1,1,4335747006838,Kozmetika,1
Èetka za kosu,0444882,0.079,1ST,Pakovanje,Cien BEAUTY,1,1,4335747006845,Kozmetika,1
Remington Èetka za uvijanje kose,0468742,0.927,1ST,Pakovanje,,15,15,5038061165487,Kozmetika,15
Motorno ulje 5W-40,0013092,0.866,1l,Kanistar,W5,4.99,4.99,20190750,Sredstva za èišæenje,4.99
Odstranjivaè hrðe,0013099,0.203,300ml,Limenka,W5,1.79,5.97,20011857,Sredstva za èišæenje,1.79
Vlažne maramice za kožne površine,0013137,0.178,25komad,Pakovanje,W5,1.49,0.06,20182441,Proizvodi za kuæanstvo,1.49
Kalifornijske pistacije,0013266,0.25,250g,Vrecica,Alesto,4.31,17.24,20005719,Hrana,4.39
Remington Aparat za šišanje brade,0467914,0.279,1ST,Pakovanje,,10,10,4008496971220,Kozmetika,10
Kutija za nakit,0483168,0.067,1ST,Pakovanje,Esmara,1,1,4052916228227,Kozmetika,3.99
Rašpica za nokte,0452800,0.023,1ST,Pakovanje,Cien BEAUTY,0.5,0.5,4335754041754,Kozmetika,0.5
"Kozmetièki kistovi, 14 dijelova",0460315,0.164,1ST,Pakovanje,Cien BEAUTY,5,5,4052916100073,Kozmetika,5
Pribor za manikuru- kozmetièka torba,0460328,0.181,1ST,Pakovanje,,3,3,4335815035043,Kozmetika,3
Pribor za manikuru- kozmetièka torba,0460328,0.181,1ST,Pakovanje,,3,3,4335815035050,Kozmetika,3
Elektrièna èetkica za zube,0460354,0.355,1ST,Pakovanje,Nevadent,21.99,21.99,4335815028816,Kozmetika,21.99
Èetka za kosu,0460370,0.105,1ST,Pakovanje,Cien BEAUTY,1,1,4335815035708,Kozmetika,1
Handcooked chips SK2,6903902,0.125,125g,Vrecica,Snack Day,1.29,10.32,20251628,Hrana,1.29
"Juicy Fruits limunada 6%,",6903942,1.5,"1,5l",PET-Boca,,1.39,0.93,3858890975185,Piæe,1.39
Juicy Fruits Cr. naranèa-Jabuka ACE,6903943,1.55,"1,5l",PET-Boca,,1.39,0.93,3858890975062,Piæe,1.39
Uljni gel za tuširanje SK3,6903972,0.26,250ml,PET-Boca,Cien,1.95,7.8,4056489073734,Kozmetika,1.95
Podravka Bistra Kokošja juha 3 pak.,6903999,0.186,3x62g,Vrecica,,1.95,10.48,3856020220839,Hrana,1.95
Violeta Tekuæi deterdžent Color 45p,6904010,2.816,"2,7l",Boca,,9.29,3.44,3870128017085,Sredstva za èišæenje,9.29
Ferrero keksi punjeni Nutellom,6904070,0.304,304g,Vrecica,,4.19,13.78,8000500269589,Hrana,4.19
Kinder èokolada Maxi 10 komada,6904072,0.214,214g,Pakovanje,,3.19,14.91,8000500301852,Hrana,3.19
Illy Classic Roast mljevena kava,6904108,0.25,250g,Limenka,,6.99,27.96,8003753900438,Piæe,6.99
"Kiseli kupus, rezani, OM 435g",6904117,0.5,500g,Vakumir. pakov.,Okusi zavièaja,0.89,2.05,4056489073918,Hrana,0.89
"Kiseli kupus glavica, cca. 1kg",6904118,1,ca 1kg,Vakumir. pakov.,Okusi zavièaja,1.79,1.79,2143900013027,Hrana,1.79
"Kiseli kupus glavica, cca. 1kg",6904118,1,ca 1kg,Vakumir. pakov.,Okusi zavièaja,1.79,1.79,2143905000000,Hrana,1.79
Spritz-Bitter ,0170882,1.512,1komad,Karton,-,13.39,13.39,4056489559238,Piæe,13.39
Omekšivaè 80 pranja SK6,0170888,1.998,2l,PET-Boca,Doussy,2.99,0.04,4056489559252,Sredstva za èišæenje,2.99
Omekšivaè 80 pranja SK6,0170888,1.998,2l,PET-Boca,Doussy,2.99,1.5,4056489587781,Sredstva za èišæenje,2.99
Omekšivaè 80 pranja SK6,0170888,1.998,2l,PET-Boca,Doussy,2.99,0.04,4056489587798,Sredstva za èišæenje,2.99
Omekšivaè 80 pranja SK6,0170888,1.998,2l,PET-Boca,Doussy,2.99,1.5,4056489587798,Sredstva za èišæenje,2.99
Omekšivaè 80 pranja SK6,0170888,1.998,2l,PET-Boca,Doussy,2.99,0.04,4056489587811,Sredstva za èišæenje,2.99
Tablete protiv kamenca 60x15g,0171128,0.9,60x15g,Kart. na prekl.,W5,4.59,5.1,4056489563099,Sredstva za èišæenje,4.59
Povræe na grèki naèin SK1,0171434,0.68,680g,Staklo,Eridanous ,3.99,5.87,4056489570929,Hrana,3.99
Hummus [FK] SK3,0171646,0.22,220g,Plitica,Chef Select,1.99,9.05,4056489459521,Hrana,1.99
Juha od vrganja,0171655,0.052,52g,Vrecica,Kania,0.65,12.5,4056489572428,Hrana,0.65
Torta od badema,0172899,0.6,600g,Kart. na prekl.,Alpenfest,6.59,10.98,4056489405788,Hrana,6.59
Voæni namaz,0173201,0.4,400g,Staklo,Maribel,2.39,5.98,4056489593126,Hrana,2.39
Orijentalni èaj SK1,0173294,0.057,"25x2g,25x2,5g",Kart. na prekl.,1001 delights,1.69,27.04,4056489596745,Piæe,1.69
Sprej za sunèanje Sensitiv LSF 50+,0173646,0.2,200ml,PET-Boca,Cien Sun,4.99,24.95,4335619130661,Kozmetika,4.99
Umak 2u1 SK1,0173677,0.19,190g,Tuba,MCENNEDY,1.99,10.47,4056489604426,Hrana,1.99
Umak 2u1 SK1,0173677,0.19,190g,Tuba,MCENNEDY,1.99,10.47,4056489604433,Hrana,1.99
Pribor za oblikovanje kose,0478225,0.047,1ST,Pakovanje,Cien BEAUTY,1.49,1.49,4052916228180,Kozmetika,1.99
Desert u èaši SK2,7406713,0.12,2x60g,Staklo,Deluxe,2.79,23.25,4056489491590,Hrana,2.79
"Ardenska kobasica, narezak",7407831,1,ca. 160g,Atmos-Posudica,,16.19,16.19,2894967000000,Hrana,16.19
Svježi Macaroni,7408459,0.156,12x13g,Blister,Sol&Mar,4.59,29.42,4056489740742,Hrana,4.59
Èokoladni kolaè SK4,7408868,0.18,2x90g,Kart. na prekl.,Hatherwood,2.29,12.72,4056489366096,Hrana,2.29
Èaj od ðumbira SK2,7505446,0.05,"49,5g",Kart. na prekl.,Lord Nelson,1.39,1.39,4056489332558,Piæe,1.39
Tofu sa zaèinima SK3,7506452,0.18,180g,Pakovanje,Vemondo,1.19,6.61,4056489332831,Hrana,1.19
Tofu XXL,7509037,0.36,2x180g,Pakovanje,Vemondo,1.69,4.69,4056489529729,Hrana,1.69
Premium punjene datulje SK1,7511270,0.1,100g,Kart. na prekl.,Deluxe,3.19,31.9,4056489855903,Hrana,3.99
Premium sladoled na štapiæu SK3,7610389,0.063,100ml,Pakovanje,Gelatelli,0.99,9.9,4056489838593,Hrana,0.99
Knedle na bavarski naèin SK2,7700378,0.4,400g,Atmos-Pakiranje,Alpenfest,2.89,7.23,4056489207245,Hrana,2.19
Tortelloni/Njoki od krumpira SK7,7701351,0.323,"250g,500g",Pakovanje,Combino,0.95,1.9,20830991,Hrana,1.19
Tortelloni/Njoki od krumpira SK7,7701351,0.348,"250g,500g",Pakovanje,Combino,0.95,1.9,20831004,Hrana,1.19
Višenamjenski aparat za brijanje,0472379,0.187,1ST,Pakovanje,Silvercrest Personal Care,5,5,4052916303603,Kozmetika,5
"Marin. BBQ steak,b.k. s.k.,cca.500g",6904672,1,ca. 500g,Atmos-Pakiranje,Naša mesnica,5.79,5.79,2836095000000,Hrana,6.99
Milanska kobasica,6904736,0.1,100g,Atmos-Pakiranje,Pikok,1.99,19.9,4056489074663,Hrana,1.99
BO Pizza trokut sir-šunka,6904765,0.15,150g,Rasuto,,1.39,9.27,5999006980391,Hrana,1.39
Omekšivaè Blue Legend,6904767,3.992,4l,PET-Boca,Doussy,2.99,0.75,4056489074533,Sredstva za èišæenje,2.99
Nutella Muffin 4kom.,6908934,0.264,264g,Vrecica,,4.99,18.9,8000500431269,Hrana,4.99
"Badem cijeli, 500g",6908935,0.5,500g,Pakovanje,,4.99,9.98,8671020170152,Hrana,4.99
"Grožðica suha, 200g",6908945,0.2,200g,Vrecica,,0.99,4.95,3872084016140,Hrana,0.89
Dekorativna/Saten mašna SK1,6908954,0.001,1komad,Pakovanje,,1.69,1.69,3856023024991,Proizvodi za kuæanstvo,1.69
BO Pontino špek-luk-sir,6908971,0.125,125g,Rasuto,,1.39,11.12,5999006982043,Hrana,1.39
"Lukaè Jaja podni uzgoj, razred S",6908979,0.96,20komad,Pakovanje,,2.39,0.12,3859889820783,Hrana,2.49
BO Lisnato orah-puding,6908991,0.09,90g,Rasuto,-,0.69,7.67,5999006981961,Hrana,Nije_bilo_u_prodaji_02.05.2025
"Jaja, razred M, 10kom.",6908999,0.058,10komad,Pakovanje,,2.29,0.23,4027949300004,Hrana,2.39
Golubica Graševina,6909010,3,3l,Box,,4.99,1.66,3858882617475,Piæe,5.75
Johnnie Walker Bl. Nak. Squid Game,6909077,0.66,"0,7l",Boca,,28.99,41.41,5000267197999,Piæe,28.99
Lino flips,6909098,0.045,45g,Vrecica,,1.99,44.22,3856020277918,Hrana,1.99
Spirits of Croatia Pelin. Vint. 30%,6909143,0.7,"0,7l",Boca,,10.99,15.7,3859894287076,Piæe,10.99
Jaja razred M,6909151,1.8,30komad,Pakovanje,,4.59,0.15,3859889711753,Hrana,4.59
"Libresse Ultra Long hig.ul.,2x8kom.",6909153,0.124,16komad,Pakovanje,,2.55,0.16,7322541195056,Proizvodi za kuæanstvo,2.55
Maasdamer polutvrdi sir cca. 300g,6909194,1,ca. 300g,Pakovanje,,7.69,7.69,2153405000000,Hrana,7.69
Ekos Dubai kolaè,6909256,0.36,360g,Pakovanje,,6.99,19.42,3858889619601,Hrana,6.49
Ekos Kolaè Lino Lada Maðarica,6909260,0.4,400g,Pakovanje,,3.99,9.98,3858889619588,Hrana,3.99
Boom Box Bio nap. s rižom Noisette,6909264,1.04,1l,TETRA-PK,,2.79,2.79,3856027801949,Hrana,2.79
Lak za nokte SK4,5508886,0.009,8ml,Pakovanje,Cien Beauty,1.19,1.19,5901801622697,Kozmetika,1.19
Lak za nokte SK4,5508886,0.009,8ml,Pakovanje,Cien Beauty,1.19,1.19,5901801622741,Kozmetika,1.19
Lak za nokte SK4,5508886,0.009,8ml,Pakovanje,Cien Beauty,1.19,1.19,5901801634096,Kozmetika,1.19
Lak za nokte SK4,5508886,0.009,8ml,Pakovanje,Cien Beauty,1.19,1.19,5901801663683,Kozmetika,1.19
Lak za nokte SK4,5508886,0.009,8ml,Pakovanje,Cien Beauty,1.19,1.19,5901801663768,Kozmetika,1.19
Vafli od riže SK10,5510198,0.1,100g,Vrecica,-,0.89,8.9,20146986,Hrana,0.79
Lak za nokte Neon Splash SK4,5511556,0.008,8ml,Pakovanje,Cien Beauty,1.19,148.75,5901801662235,Kozmetika,1.19
Lak za nokte Neon Splash SK4,5511556,0.008,8ml,Pakovanje,Cien Beauty,1.19,148.75,5901801662266,Kozmetika,1.19
Lak za nokte Neon Splash SK4,5511556,0.008,8ml,Pakovanje,Cien Beauty,1.19,148.75,5901801662280,Kozmetika,1.19
Završni sloj za nokte SK1,5511561,0.008,8ml,Pakovanje,Cien Beauty,1.19,148.75,5901801630500,Kozmetika,1.19
Sok od naranèe,5512330,1.04,1l,PET-Boca,Solevita,1.89,1.89,4056489585800,Piæe,2.49
Ureðaj za uklanjanje dlaèica,0490677,0.037,1ST,Pakovanje,Silvercrest Personal Care,5.99,5.99,4052916470695,Kozmetika,5.99
Ureðaj za uklanjanje dlaèica,0490677,0.037,1ST,Pakovanje,Silvercrest Personal Care,5.99,5.99,4052916470701,Kozmetika,5.99
Oral-B Elektrièna èetkica za zube,0470130,0.241,1ST,Pakovanje,,22.99,22.99,8700216164382,Kozmetika,22.99
Aranžmani SK4,6908589,1.28,1komad,Pakovanje,,27.99,27.99,3858889011924,Proizvodi za kuæanstvo,27.99
Boom Box Zobeni napitak Barista,6908608,1,1l,Pakovanje,,2.49,2.49,3858890478778,Hrana,2.49
Boom Box Zobeni Smoothie jab. bres.,6908614,0.2,200g,Pakovanje,,1.69,8.45,3856027801277,Hrana,1.69
Kravlja skuta,6908665,0.25,250g,Vakumir. pakov.,Pilos,1.99,7.96,4056489926146,Hrana,1.99
Ira Vodootp. aranžman u cem. posudi,6908687,1.15,1komad,Pakovanje,,18.99,18.99,3856023042308,Proizvodi za kuæanstvo,18.99
Ira Vodootp. aranžman u cem. posudi,6908687,1.15,1komad,Pakovanje,,18.99,18.99,3856023042315,Proizvodi za kuæanstvo,18.99
Ira Mix cvijeæa u cementnoj posudi,6908688,1.15,1komad,Pakovanje,,19.99,19.99,3856023046924,Proizvodi za kuæanstvo,19.99
Ribella Hummus Spicy,6908738,0.2,200g,Posudica,,1.99,9.95,8606011898876,Hrana,1.99
L'Angelica Gel za tuširanje SK4,6908755,0.5,500ml,PET-Boca,,2.99,5.98,8017331077085,Kozmetika,3.19
Lumen Lampion Srce 50h,6908767,0.225,1komad,Pakovanje,,1.99,1.99,3870634000144,Proizvodi za kuæanstvo,1.99
Lumen Lampion multipack 3x100g,6908771,0.24,1komad,Pakovanje,,3.49,3.49,3870634079003,Proizvodi za kuæanstvo,3.49
Colgate Advanced White Charcoal,6908789,0.2,150ml,Vrecica,,3.99,26.6,8718951589117,Kozmetika,3.99
Plidenta Herbal Retro,6908790,0.09,75ml,Pakovanje,,1.99,26.53,3856007912047,Kozmetika,1.99
"'z bregov Èvrsti jogurt 3,2%",6908825,0.9,900g,Kanta,,2.25,2.5,3850108030174,Hrana,2.25
Proteini.si 100% Natural Whey,6908826,0.4,400g,Vrecica,,12.39,30.98,3830081425341,Hrana,15.49
Kraš Selection Èokolada Griotte,6908890,0.135,135g,Pakovanje,,2.59,19.19,3850102013494,Hrana,2.59
The Pink Stuff pasta za èišæenje,6908913,0.85,850g,Pakovanje,,3.89,4.58,5060033821114,Sredstva za èišæenje,3.89
Tek.det. za pranje rublja SK3 44pr.,0217179,2.288,"2,2l",PET-Boca,Formil,3.99,1.81,4056489997887,Sredstva za èišæenje,3.99
Kotanyi zaèini SK71,0217856,0.038,"33g,35g,36g,48g",Staklo,,2.49,75.45,5901032041182,Hrana,2.49
Kotanyi zaèini SK71,0217856,0.038,"33g,35g,36g,48g",Staklo,,2.49,71.14,5901032041182,Hrana,2.49
Kotanyi zaèini SK71,0217856,0.038,"33g,35g,36g,48g",Staklo,,2.49,69.17,9001414041130,Hrana,2.49
High protein puding SK2,0219170,0.059,59g,Vrecica,Belbake,1.29,21.86,4056489751410,Hrana,1.29
Sprej za sunèanje LSF 30,0219524,0.2,200ml,Boca,Cien Sun,3.99,19.95,4056489965442,Kozmetika,3.99
Gumeni bomboni SK1,0219719,0.12,120g,Limenka,Optisana,3.59,29.92,4335619130388,Hrana,3.59
Indijska delikatesa Kokos,0220207,0.375,375g,Vrecica,,2.99,7.97,9334279001927,Hrana,2.63
"Omekšivaè za rublje, 120 pranja, 3l",0220460,2.997,3l,PET-Boca,Doussy,3.39,0.03,4335619135888,Sredstva za èišæenje,3.39
Toaletni papir XXL,0220665,2.39,20x180 listova,Pakovanje,Floralys,7.53,0.38,4335619161979,Proizvodi za kuæanstvo,7.53
Lak za nokte Rays of Sunshine,0221306,0.011,11ml,Boca,Cien Beauty,1.09,1.09,4335619149199,Kozmetika,1.09
"Chum Churum Soju Chamisul 16,5%",0221883,0.343,350ml,Boca,,2.99,8.54,8801056052898,Piæe,1.66
Liker od dinje 25% Vol.,0221982,0.5,"0,5l",Boca,,5.99,11.98,4304493270541,Piæe,9.99
Kotanyi slatki zaèini SK72,0222573,0.065,"63g,65g,70g",Staklo,,2.49,38.31,9001414303382,Hrana,2.49
Kotanyi slatki zaèini SK72,0222573,0.065,"63g,65g,70g",Staklo,,2.49,38.31,9001414303436,Hrana,2.49
Taco školjkice,0223283,0.158,158g,Kart. na prekl.,El Tequito,1.89,11.96,4335619167049,Hrana,6.28
Mediteranska predjela SK2,0224178,0.403,"410g,390g",Plitica,Italiamo,4.59,11.77,20337537,Hrana,4.59
Mediteranska predjela SK2,0224178,0.403,"410g,390g",Plitica,Italiamo,4.59,11.2,20337537,Hrana,4.59
Agragold Šeæer u kocki,0224604,0.5,500g,Kart. na prekl.,,0.99,1.98,9007829025253,Hrana,0.99
Salata od tune SK11,0224802,0.22,220g,Limenka,Nixe,2.27,10.32,4335619175273,Hrana,2.27
Tart SK1,0226412,0.253,"250g,255g",Kart. na prekl.,Deluxe,2.89,11.33,4335619197725,Hrana,2.89
Dubai èokolada,0226735,0.122,122g,Tabla,J.D. Gross,3.99,32.7,4335619201859,Hrana,3.99
Limoncello sa šljokicama 25%,0228742,0.689,0.700l,Boca,Deluxe,3.77,5.39,4304493271463,Piæe,3.77
Hugo Aperitiv sa šljokicama 15%,0228743,0.689,0.700l,Boca,Deluxe,3.36,4.8,4304493271487,Piæe,3.36
Sushi SK2,0229316,0.195,"190g,200g",Pakovanje,select & go,3.79,18.95,4335619221611,Hrana,3.79
Èokolada za kuhanje SK7,0229461,0.2,200g,Pakovanje,Belbake,3.29,16.45,20158767,Hrana,3.29
Èetka za kosu,0466973,0.106,1ST,Pakovanje,Cien BEAUTY,1,1,4052916221693,Kozmetika,2.49
Èetka za kosu,0466973,0.106,1ST,Pakovanje,Cien BEAUTY,1,1,4052916221716,Kozmetika,2.49
Kozmetièki kovèeg,0466978,1.034,1ST,Pakovanje,,7,7,4052916306116,Kozmetika,14.99
Sušilo za kosu,0466510,0.663,1ST,Pakovanje,Silvercrest Personal Care,19.99,19.99,4052916243107,Kozmetika,19.99
Kozmetièko ogledalo s rasvjetom,0472245,1.064,1ST,Pakovanje,Cien BEAUTY,15.99,15.99,4052916435069,Kozmetika,15.99
El. odstranjivaè rožnate kože,0472256,0.108,1ST,Pakovanje,Silvercrest Personal Care,5.99,5.99,4052916436622,Kozmetika,5.99
Pribor za manikuru-pedikuru,0472265,0.04,1ST,Pakovanje,Cien BEAUTY,1.99,1.99,4052916451465,Kozmetika,1.99
Spužvica za šminku,0472269,0.008,1ST,Pakovanje,Cien BEAUTY,0.99,0.99,4052916439630,Kozmetika,0.99
Kutija za nakit,0472273,0.179,1ST,Pakovanje,Esmara,5.99,5.99,4052916443880,Kozmetika,5.99
Èetka za kosu,0472287,0.08,1ST,Pakovanje,Cien BEAUTY,2.49,2.49,4052916444283,Kozmetika,2.49
Kutija za nakit,0466864,0.208,1ST,Pakovanje,Esmara,2.99,2.99,4052916243497,Kozmetika,3.99
Kutija za nakit,0466864,0.208,1ST,Pakovanje,Esmara,2.99,2.99,4052916243503,Kozmetika,3.99
Nemea POP Agiorgitiko ,6200047,0.756,"0,75l",Boca,,3.99,5.32,4304493257030,Piæe,3.99
Žele kocke SK2,6200062,0.4,400g,Kart. na prekl.,Eridanous,1.89,4.73,20110987,Hrana,1.89
Lokum SK7,6200065,0.4,400g,Kart. na prekl.,Eridanous,1.99,4.98,4056489466239,Hrana,1.99
Lokum SK7,6200065,0.4,400g,Kart. na prekl.,Eridanous,1.99,4.98,4056489466246,Hrana,1.99
Lokum SK7,6200065,0.4,400g,Kart. na prekl.,Eridanous,1.99,4.98,4056489466253,Hrana,1.99
Kalamata masline ,6200070,0.36,370ml,Staklo,Eridanous,1.89,9.45,20293697,Hrana,1.69
Tzatziki,6200076,0.25,250g,Atmos-Pakiranje,Eridanous,1.49,5.96,20258702,Hrana,1.49
Hrskavi štapiæi SK2,6200286,0.175,175g,Vrecica,Eridanous,1.19,6.8,4056489381433,Hrana,1.19
Pužiæi sa sirom i maslinama,6200724,0.48,4x120g,Vrecica,Eridanous,1.99,4.15,20616649,Hrana,1.91
Grèki feta sir,6200776,0.2,200g,Vakumir. pakov.,Milbona,3.29,16.45,20653798,Hrana,3.29
Head&Shoulders Šampon,0004845,0.31,300ml,PET-Boca,,3.99,13.3,4015600765279,Kozmetika,3.99
Head&Shoulders Šampon,0004845,0.31,300ml,PET-Boca,,3.99,13.3,8006540063644,Kozmetika,3.99
"BO Zlatna kiflica, 30g",0004854,0.03,30g,Rasuto,,0.29,0.29,3858889612770,Hrana,0.29
"BO Lovaèki kruh SUS, 400g",0004863,0.4,400g,Rasuto,,1.05,2.63,3858881509993,Hrana,1.05
Srdele s kriškom limuna,0004877,0.1,100g,Limenka,Okusi zavièaja,1.19,11.9,20539399,Hrana,1.19
Knorr Umaci SK1,0004901,0.336,750ml,Kart. na prekl.,,1.49,0.75,4038700117045,Hrana,1.49
Knorr Umaci SK1,0004901,0.336,750ml,Kart. na prekl.,,1.49,0.5,8711200414352,Hrana,1.49
Knorr Umaci SK1,0004901,0.336,750ml,Kart. na prekl.,,1.49,0.5,8714100790298,Hrana,1.49
Coca Cola 2x2l,0004915,4.16,2x2l,PET-Boca,Coca-Cola,3.99,1,5449000059338,Piæe,3.99
Losion za sunèanje sensitive ZF50,0025002,0.15,150ml,Tuba,Cien Sun,4.99,33.27,4056489368779,Kozmetika,4.99
"Maramice u kutiji, 4-slojne",0025018,0.25,100komad,Pakovanje,Floralys,1.69,0.02,4056489110767,Proizvodi za kuæanstvo,1.69
Sprej za podmazivanje lanca,0025221,0.127,200ml,Limenka,W5,1.99,9.95,4056489495734,Sredstva za èišæenje,1.99
Potpuna hrana za pse SK21,0025323,1.24,1240g,Limenka,Orlando,1.89,1.52,20703738,Proizvodi za kuæanstvo,1.89
"Kuhano vino 8,7%  Vol.",0025350,1,1l,Boca,,1.49,1.49,4304493257306,Piæe,1.49
Mozzarella za pizzu,0025490,0.4,400g,Pakovanje,Italiamo,3.19,7.98,4056489790075,Hrana,3.19
Premium punjena tjestenina SK10,1001938,0.25,250g,Vrecica,Deluxe,1.83,7.32,4335619112650,Hrana,1.83
"Pommes Frites, 3,5kg XXL",0051008,3.5,"3,5kg",Vrecica,Harvest Basket,4.89,1.4,4056489456414,Hrana,4.89
Kivi rinfuza,0080675,1,1kg,Rasuto,,2.99,2.99,,Hrana,2.79
"Feferoni blagi/ljuti, OM 340g, SK1",0005988,0.333,720ml,Staklo,Freshona,2.69,7.47,,Hrana,2.69
Azijski umaci SK3,0217326,0.306,250ml,Boca,Vitasia,1.39,5.56,,Hrana,1.39
Remington Glaèalo za kosu,0462779,0.31,1ST,Pakovanje,,7,7,,Kozmetika,7
Oktoberfest knedle,0071997,0.5,500g,Pakovanje,Alpenfest,1.79,3.58,,Hrana,1.79
Breskva rinfuza,0080395,1,1kg,Rasuto,,4.79,4.79,,Hrana,2.39
Krastavac salatar,0082231,0.433,1komad,Rasuto,,0.59,0.59,,Hrana,0.89
Amerièki sladoled SK12,6608641,0.418,500ml,Posudica,Gelatelli,3.13,6.26,,Hrana,3.13
Cikla svježa,0082815,1,1kg,Rasuto,,0.79,0.79,,Hrana,0.79
Koraba,0082735,0.35,1komad,Rasuto,,0.79,0.79,,Hrana,0.79
Dinja bijela,0080557,1,1kg,Rasuto,,2.99,2.99,,Hrana,2.49
FM Limoncello Pink 25%,6016134,0.77,700ml,Boca,,4.99,7.13,,Piæe,7.99
Mineralna voda negazirana,0000004,1.5,"1,5l",PET-Boca,Saguaro,0.4,0.27,4304493258693,Piæe,0.45
"Ledeni èaj limun sa šeæerom 1,5l",0000026,1.5,"1,5l",PET-Boca,Freeway,1.05,0.7,4056489071303,Piæe,1.05
"Ledeni èaj breskva sa šeæerom, 1,5l",0000028,1.5,"1,5l",PET-Boca,Freeway,1.05,0.7,4056489071297,Piæe,1.05
Lenor Omekšivaè 60 pranja Sensitiv,0000084,1.8,"1,8l",PET-Boca,,5.57,0.09,8001841375564,Sredstva za èišæenje,5.57
Lenor Omekšivaè 60 pranja Sensitiv,0000084,1.8,"1,8l",PET-Boca,,5.57,3.09,8001841375564,Sredstva za èišæenje,5.57
Felix Fantastic Hr. za maè. gov-pil,0000095,0.68,8x85g,Pakovanje,Nestlé,4.49,6.6,8445290619075,Proizvodi za kuæanstvo,4.49
Slatko iznenaðenje,0000100,0.57,570g,Pakovanje,,3.99,7,4056489074205,Hrana,3.99
Felix Hrana za maèke pilet.&povræe,0000126,0.95,950g,Vrecica,Nestlé,3.99,4.2,8445290444288,Proizvodi za kuæanstvo,3.99
Heinz umak Top Down BBQ classic,0000134,0.48,400ml,PET-Boca,,3.15,7.88,87157154,Hrana,3.15
Friskies Hrana za pse govedina,0000174,0.4,4x100g,Pakovanje,Nestlé,2.59,6.48,7613035800908,Proizvodi za kuæanstvo,2.59
Perwoll Tekuæi det.Color 68pranja,0000333,3.84,"3,74l",PET-Boca,Henkel,16.39,4.38,9000101576375,Sredstva za èišæenje,16.39
Pringles Paprika,0000341,0.185,185g,Limenka,,2.05,11.08,5053990167692,Hrana,2.05
Pedigree Pseæe poslastice sort SK2,0000347,0.133,"123g,200g,77g",Vrecica,Mars,1.79,23.25,5998749104392,Proizvodi za kuæanstvo,1.79
Pedigree Pseæe poslastice sort SK2,0000347,0.133,"123g,200g,77g",Vrecica,Mars,1.79,8.95,5998749104392,Proizvodi za kuæanstvo,1.79
Monster Energy Drink Green Zero,0000348,0.5,"0,5l",Limenka,Coca Cola,1.59,3.18,5061013940139,Piæe,1.59
Jar Platinum tab. za pranje posuða,0000350,0.58,35komad,Pakovanje,,17.49,0.5,8006540750124,Sredstva za èišæenje,17.49
Nestlé Lion ,0000370,0.042,42g,Pakovanje,Nestlé,1.35,1.35,7613033967320,Hrana,1.25
Felix Fantastic Hrana za maèke,0000378,9.18,18x85g,Pakovanje,,8.99,5.88,8445290494245,Proizvodi za kuæanstvo,8.99
Red Bull Edition White,0000383,0.262,"0,25l",Limenka,Red Bull,1.39,5.56,9002490244071,Piæe,1.39
Nestlé KitKat White,0000407,0.041,"41,5g",Pakovanje,,0.99,24.75,8445290549266,Hrana,Nije_bilo_u_prodaji_02.05.2025
Monster Energy Drink Monarch,0000421,0.5,"0,5l",Limenka,Coca-Cola,1.59,3.18,5060896622798,Piæe,1.59
Old Spice Deostick Wolfthorn,0000438,0.099,85ml,PET-Boca,,4.39,51.65,8700216879835,Kozmetika,4.39
Silan Omekšivaè  Fresh Sky 76pr.,0000452,1.672,"1,672l",PET-Boca,,5.69,3.4,9000101581539,Sredstva za èišæenje,5.69
Somat Gel Excellence Duo Megapack ,0000469,1.318,2x540ml,PET-Boca,,10.39,9.62,9000101818116,Sredstva za èišæenje,12.99
"Vinski ocat 6%, 1l",0001108,1.011,1l,PET-Boca,-,1.05,1.05,20605476,Hrana,1.05
"Prirodna izvorska voda, 7l",0001117,7,7l,PET-Boca,Saguaro,1.45,0.21,4304493256552,Piæe,1.45
Kornet jagoda,0001183,0.07,120ml,Pakovanje,Ballino,0.59,4.92,4056489799122,Hrana,0.59
Sladoled u kornetu - vanilija,0001247,0.074,120ml,Pakovanje,Ballino,0.59,4.92,20252250,Hrana,0.59
Krekeri slani i integralni SK5,0001318,0.5,500g,Pakovanje,Snack Day,2.19,4.38,20255473,Hrana,2.19
Juneæe meso za gulaš,0001388,0.4,400g,Atmos-Pakiranje,Naša mesnica,4.79,11.98,20340001,Hrana,5.99
Tirolska kobasica,0001393,0.4,400g,Stanga,Pikok,1.55,3.88,20356033,Hrana,2.39
Sezam ploèice SK7,0001419,0.081,3x27g,Pakovanje,Crownfield,0.44,5.43,4056489445340,Hrana,0.49
Sezam ploèice SK7,0001419,0.081,3x27g,Pakovanje,Crownfield,0.44,5.43,5907751602628,Hrana,0.49
"Coca Cola Zero, 0,5l",0001421,0.52,"0,5l",PET-Boca,Coca-Cola,1.12,2.24,5449000131836,Piæe,1.12
Kompot od višnje b/k (OM 340g),0001481,0.34,720ml,Staklo,Okusi zavièaja,1.85,5.44,20273347,Hrana,1.85
NESTLE After Eight 200g,0001493,0.2,200g,Pakovanje,,2.99,14.95,5000189363069,Hrana,2.69
Carefree Dnevni ulošci sort. SK2,0001496,0.124,56komad,Kart. na prekl.,Johnson & Johnson,3.35,0.06,3574660322590,Proizvodi za kuæanstvo,3.35
Carefree Dnevni ulošci sort. SK2,0001496,0.124,56komad,Kart. na prekl.,Johnson & Johnson,3.35,0.06,3574660322651,Proizvodi za kuæanstvo,3.35
Carefree Dnevni ulošci sort. SK2,0001496,0.124,56komad,Kart. na prekl.,Johnson & Johnson,3.35,0.06,3574661552804,Proizvodi za kuæanstvo,3.35
Carefree Dnevni ulošci sort. SK2,0001496,0.124,56komad,Kart. na prekl.,Johnson & Johnson,3.35,0.06,3574661554877,Proizvodi za kuæanstvo,3.35
Kiselo vrhnje 20% m.m.,0001557,0.18,180g,Posudica,Pilos,0.75,4.17,20156084,Hrana,0.69
"Tekuæi jogurt 2,8% m.m.",0001572,0.18,180g,Posudica,Pilos,0.37,2.06,20447663,Hrana,0.37
"Dukat tekuæi jogurt 2,8%, 1kg",0001669,1,1kg,PET-Boca,,2.32,2.32,3850354001157,Hrana,2.32
Zimska salama narezak,0001730,0.1,100g,Atmos-Pakiranje,Pikok,1.99,19.9,20491970,Hrana,1.99
Gouda sir,0001744,0.5,500g,Pakovanje,Pilos,4.99,9.98,40894430,Hrana,4.99
Sirni namaz SK15,0001780,0.2,200g,Posudica,Milbona,1.49,7.45,20048082,Hrana,1.49
"Voæni jogurt 1,8%, SK45, SK46",0001798,0.25,250g,Posudica,Milbona,0.79,3.16,20002053,Hrana,0.79
"Voæni jogurt 1,8%, SK45, SK46",0001798,0.25,250g,Posudica,Milbona,0.79,3.16,20109639,Hrana,0.79
Sirni narezak 3 vrste,0001821,0.25,250g,Pakovanje,Milbona,2.79,11.16,20014254,Hrana,2.79
Svježa pileæa krila,0001915,1,ca. 500g,Atmos-Pakiranje,Naša mesnica,2.99,2.99,2136944000000,Hrana,4.19
Svježa pileæa krila,0001915,1,ca. 500g,Atmos-Pakiranje,Naša mesnica,2.99,2.99,2852001000000,Hrana,4.19
Svježa pileæa krila,0001915,1,ca. 500g,Atmos-Pakiranje,Naša mesnica,2.99,2.99,2891982000000,Hrana,4.19
Puding od vanilije,0001960,0.2,200g,Posudica,Pilos,0.45,2.25,20040109,Hrana,0.49
Puding od vanilije,0001960,0.2,200g,Posudica,Pilos,0.45,2.25,20155773,Hrana,0.49
"Rolana lopatica bez kože cca. 1,3kg",0001994,1,"ca. 1,3kg",Vakumir. pakov.,Pikok,5.75,5.75,2819941000000,Hrana,5.75
"Rolana lopatica bez kože cca. 1,3kg",0001994,1,"ca. 1,3kg",Vakumir. pakov.,Pikok,5.75,5.75,2819946000000,Hrana,5.75
"Rolana lopatica bez kože cca. 1,3kg",0001994,1,"ca. 1,3kg",Vakumir. pakov.,Pikok,5.75,5.75,2847713000000,Hrana,5.75
"Dukat Vrhnje za kuh. 20%, 500g",0002023,0.5,500g,Pakovanje,,3.39,6.78,3850354017158,Hrana,3.39
Mljeveni crni papar,0002095,0.1,100g,Vrecica,Kania,1.49,14.9,20131104,Hrana,1.79
"Vegeta Univerzalni zaèin, 250g",0002101,0.25,250g,Vrecica,,2.19,8.76,3850104008597,Hrana,2.19
"Bellarom Minas mljevena kava, 500g",0002160,0.5,500g,Vrecica,Bellarom,6.79,13.58,20156510,Piæe,6.79
Fritt Voæne karamele SK18 ,0002167,0.07,70g,Pakovanje,,0.99,14.14,4000415000110,Hrana,0.99
Fritt Voæne karamele SK18 ,0002167,0.07,70g,Pakovanje,,0.99,14.14,4000607000010,Hrana,0.99
Fritt Voæne karamele SK18 ,0002167,0.07,70g,Pakovanje,,0.99,14.14,4000607512803,Hrana,0.99
Nescafé Cappuccino sort.,0002183,0.135,"112g,148g",Kart. na prekl.,Nestlé,4.19,30.81,5011546477640,Piæe,4.19
Nescafé Cappuccino sort.,0002183,0.135,"112g,148g",Kart. na prekl.,Nestlé,4.19,29.1,7613034172181,Piæe,4.19
Nescafé Cappuccino sort.,0002183,0.135,"112g,148g",Kart. na prekl.,Nestlé,4.19,29.1,7613034532275,Piæe,4.19
Nescafé Cappuccino sort.,0002183,0.135,"112g,148g",Kart. na prekl.,Nestlé,4.19,30.81,7613034641366,Piæe,4.19
Nescafé Cappuccino sort.,0002183,0.135,"112g,148g",Kart. na prekl.,Nestlé,4.19,29.1,7613035440081,Piæe,4.19
Pag91 Kuhinjska morska sol sitna,0002214,1,1kg,Vrecica,,0.49,0.49,3859888817340,Hrana,0.49
Kiara Kristal šeæer 1kg ,0002220,1,1kg,Vrecica,,0.99,0.99,9007829023099,Hrana,0.99
"Brašno TIP 550 glatko, 5kg",0002223,5,5kg,Pakovanje,Belbake,3.58,0.72,20156589,Hrana,3.58
"Brašno TIP 550 glatko, 5kg",0002223,5,5kg,Pakovanje,Belbake,3.58,0.72,4056489612353,Hrana,3.58
"Brašno TIP 400 oštro, 1kg",0002224,1,1kg,Pakovanje,Belbake,0.75,0.75,20156596,Hrana,0.75
Riža okruglog zrna Originario,0002273,1,1kg,Kart. na prekl.,Golden Sun,1.99,1.99,20054816,Hrana,1.99
Riža dugog zrna Arborio,0002278,1,1kg,Kart. na prekl.,Golden Sun,2.29,2.29,20054830,Hrana,2.29
"Lješnjak jezgra u rinfuzi, cca. 1kg",0002320,1,ca. 1kg,Rasuto,,9.39,9.39,3859891324163,Hrana,9.39
"Badem jezgra u rinfuzi, cca. 1kg",0002321,1,ca. 1kg,Rasuto,,6.79,6.79,8671020170039,Hrana,6.79
"Nutella, 400g ",0002346,0.4,400g,Staklo,,4.39,10.98,80052395,Hrana,4.39
Fant Fix umaci SK1,0002401,0.069,"60g,65g,90g",Vrecica,,1.25,13.89,3850104019173,Hrana,1.25
"Gavriloviæ Jetrena pašteta, 100g",0002437,0.1,100g,Limenka,,1.49,14.9,3859892569624,Hrana,1.49
"Gavriloviæ Èajna pašteta, 100g ",0002440,0.1,100g,Limenka,,1.49,14.9,3858881221529,Hrana,1.49
"Gavriloviæ Èajna pašteta, 100g ",0002440,0.1,100g,Limenka,,1.49,14.9,3859892569648,Hrana,1.49
"Pasirana rajèica 8,5 Brix",0002490,0.5,500g,Pakovanje,Baresa,0.99,1.98,20163402,Hrana,0.99
Dvostruki koncentrat od rajèice,0002492,0.2,200g,Tuba,Baresa,0.99,4.95,20009687,Hrana,0.99
Sterilizirani crveni grah,0002494,0.41,425ml,Limenka,Freshona,0.79,3.1,20166090,Hrana,0.79
"Bijeli grah, OM 240g",0002495,0.4,425ml,Limenka,Freshona,0.69,2.88,20009793,Hrana,0.69
"Bijeli grah, OM 240g",0002495,0.4,425ml,Limenka,Freshona,0.69,2.88,20166069,Hrana,0.69
"Bijeli grah, OM 240g",0002495,0.4,425ml,Limenka,Freshona,0.69,2.88,4056489468455,Hrana,0.69
"Fanta Orange, 2l",0002667,2.07,2l,PET-Boca,Coca-Cola,2.28,1.14,5449000004840,Piæe,2.28
"Coca Cola 0,5l",0002669,0.52,"0,5l",PET-Boca,Coca-Cola,1.12,2.24,54491472,Piæe,1.12
"Karlovaèko Svijetlo pivo 0,5l-lim",0002708,0.5,"0,5l",Limenka,,1.48,2.96,3850103002312,Piæe,1.48
Èajni kolutiæi,0002729,0.4,400g,Kart. na prekl.,Sondey,1.79,4.48,20005382,Hrana,1.79
Airwaves žvakaæe gume SK2,0002906,0.014,14g,Pakovanje,Mars,0.99,0.99,42124122,Hrana,0.99
Airwaves žvakaæe gume SK2,0002906,0.014,14g,Pakovanje,Mars,0.99,0.99,42181972,Hrana,0.99
Airwaves žvakaæe gume SK2,0002906,0.014,14g,Pakovanje,Mars,0.99,0.99,50173167,Hrana,0.99
Milka Èokolada sort.,0002911,0.281,"270g, 276g, 300g",Pakovanje,,5.99,21.7,7622200004614,Hrana,5.99
Milka Èokolada sort.,0002911,0.281,"270g, 276g, 300g",Pakovanje,,5.99,22.19,7622200009084,Hrana,5.99
Milka Èokolada sort.,0002911,0.281,"270g, 276g, 300g",Pakovanje,,5.99,22.19,7622201022679,Hrana,5.99
Milka Èokolada sort.,0002911,0.281,"270g, 276g, 300g",Pakovanje,,5.99,22.19,7622210012500,Hrana,5.99
Milka Èokolada sort.,0002911,0.281,"270g, 276g, 300g",Pakovanje,,5.99,21.7,7622210012500,Hrana,5.99
Milka Èokolada sort.,0002911,0.281,"270g, 276g, 300g",Pakovanje,,5.99,22.19,7622210384362,Hrana,5.99
Milka Èokolada sort.,0002911,0.281,"270g, 276g, 300g",Pakovanje,,5.99,19.97,7622210384362,Hrana,5.99
Milka Èokolada sort.,0002911,0.281,"270g, 276g, 300g",Pakovanje,,5.99,22.19,7622300134532,Hrana,5.99
"Biskvit SK2, SK13 400g",0002940,0.4,400g,Pakovanje,Confiserie Firenze,2.49,6.23,20139780,Hrana,2.69
"Biskvit SK2, SK13 400g",0002940,0.4,400g,Pakovanje,Confiserie Firenze,2.49,6.23,20139797,Hrana,2.69
"Jumbo biskvit, SK5, SK8",0002942,0.6,600g,Pakovanje,Confiserie Firenze,2.99,4.98,20139827,Hrana,2.99
Kompletna hrana za maèke SK19,0003002,0.1,100g,Plitica,Coshida,0.45,4.5,20106751,Proizvodi za kuæanstvo,0.45
"Cedevita Instant nap. naranèa, 1kg",0003013,1,1000g,Vrecica,,6.39,6.39,3850322003442,Piæe,6.39
"Cedevita Instant nap. naranèa, 1kg",0003013,1,1000g,Vrecica,,6.39,6.39,3858884879888,Piæe,6.39
Suha hrana za pse s govedinom,0003022,10,10kg,Vrecica,Bellosan,9.99,1,20115968,Proizvodi za kuæanstvo,9.99
Šampon za svakodne. pranje kose SK6,0003034,0.515,500ml,PET-Boca,Cien,0.95,1.9,20072872,Kozmetika,1.39
Šampon za svakodne. pranje kose SK6,0003034,0.515,500ml,PET-Boca,Cien,0.95,1.9,20153762,Kozmetika,1.39
Šampon za svakodne. pranje kose SK6,0003034,0.515,500ml,PET-Boca,Cien,0.95,1.9,20208851,Kozmetika,1.39
Šampon za svakodne. pranje kose SK6,0003034,0.515,500ml,PET-Boca,Cien,0.95,1.9,20256654,Kozmetika,1.39
Šampon za svakodne. pranje kose SK6,0003034,0.515,500ml,PET-Boca,Cien,0.95,1.9,4056489815587,Kozmetika,1.39
Pro Vitamin šam. za njegu kose SK13,0003035,0.31,300ml,PET-Boca,Cien,1.29,4.3,20159399,Kozmetika,1.29
Pro Vitamin šam. za njegu kose SK13,0003035,0.31,300ml,PET-Boca,Cien,1.29,4.3,20250911,Kozmetika,1.29
Pro Vitamin šam. za njegu kose SK13,0003035,0.31,300ml,PET-Boca,Cien,1.29,4.3,20250928,Kozmetika,1.29
Pjena za kosu SK8,0003050,0.22,250ml,Limenka,Cien,1.33,5.32,20567385,Kozmetika,1.59
Pjena za kosu SK8,0003050,0.22,250ml,Limenka,Cien,1.33,5.32,4335619134386,Kozmetika,1.59
Lak za kosu SK13,0003054,0.31,400ml,Limenka,Cien,1.98,4.95,20160425,Kozmetika,2.39
Lak za kosu SK13,0003054,0.31,400ml,Limenka,Cien,1.98,4.95,20220433,Kozmetika,2.39
Lak za kosu SK13,0003054,0.31,400ml,Limenka,Cien,1.98,4.95,20490386,Kozmetika,2.39
Lak za kosu SK13,0003054,0.31,400ml,Limenka,Cien,1.98,4.95,4335619012097,Kozmetika,2.39
Lak za kosu SK13,0003054,0.31,400ml,Limenka,Cien,1.98,4.95,4335619217126,Kozmetika,2.39
Q10 krema za lice protiv bora SK7 ,0003089,0.051,50ml,Kart. na prekl.,Cien,2.89,57.8,20163990,Kozmetika,2.89
Losion/Mlijeko za tijelo SK2,0003091,0.489,500ml,PET-Boca,Cien,1.99,3.98,20057046,Kozmetika,1.99
Pjena za brijanje sensitive,0003108,0.294,300ml,Limenka,Cien MEN,1.59,5.3,20220518,Kozmetika,1.59
Losion poslije brijanja SK15,0003114,0.094,100ml,Kart. na prekl.,Cien MEN,2.39,23.9,20543266,Kozmetika,2.39
Èetkice za zube SK3,0003117,0.037,2komad,Pakovanje,Dentalux,0.89,0.45,20055929,Kozmetika,0.89
Pasta za zube SK6,0003120,0.152,125ml,Tuba,Dentalux,1.05,8.4,4056489498063,Kozmetika,1.05
"Tekuæina za ispiranje usta, SK15",0003125,0.508,500ml,PET-Boca,Dentalux,1.45,2.9,20258030,Kozmetika,1.45
Sredstvo za èišæenje masnoæa SK12,0003191,0.753,750ml,PET-Boca,W5,1.99,2.65,4056489367512,Sredstva za èišæenje,1.99
Sredstvo za uklanjanje kamenca,0003193,0.523,500ml,PET-Boca,W5,1.25,2.5,4056489411352,Sredstva za èišæenje,1.25
"Papirnate maramice, 4-slojne",0003223,0.263,100Blatt,Pakovanje,Floralys,1.25,0.13,20096151,Proizvodi za kuæanstvo,1.25
Univerzalne krpe,0003302,0.156,2komad,Pakovanje,W5,1.19,0.6,4056489672579,Proizvodi za kuæanstvo,1.19
Lampion,0003323,0.12,1komad,Nepakirano,-,0.99,0.99,20151164,Proizvodi za kuæanstvo,0.99
"Lino Èokolino, 500g",0003401,0.5,500g,Vrecica,,4.99,9.98,3850104210259,Hrana,4.99
"Lino Èokolino, 1kg",0003402,1,1kg,Vrecica,,8.99,8.99,3850104225451,Hrana,8.99
"Gavriloviæ Mesni doruèak, 150g",0003448,0.15,150g,Limenka,,2.15,14.33,3858881220010,Hrana,2.15
"Eva Tuna fileti u biljnom ulju,115g",0003574,0.115,115g,Limenka,,2.99,36.91,3859888140158,Hrana,2.99
Grah trešnjevac 12/1,0003600,1,ca. 1kg,Rasuto,,1.99,1.99,3859890587507,Hrana,1.99
Cola gazirano piæe sa sladilom,0003609,2,2l,PET-Boca,Freeway,0.89,0.45,4056489159148,Piæe,0.89
Èokoladni vafli SK10,0003869,0.125,125g,Kart. na prekl.,Sondey,1.69,13.52,20026578,Hrana,1.69
"Bellarom Minas mljevena kava, 200g",0003892,0.2,200g,Vrecica,Bellarom,3.19,15.95,4056489925439,Piæe,3.19
Pro Vitamin balzam za kosu SK9,0003947,0.299,300ml,PET-Boca,Cien,1.49,4.97,20250867,Kozmetika,1.49
"Integralni toast, 500g",0003991,0.5,500g,Pakovanje,Tastino,1.39,2.78,20051426,Hrana,1.39
Old Spice Deo stick,0004454,0.056,50ml,PET-Boca,,3.85,77,4015600862268,Kozmetika,3.85
Old Spice Deo stick,0004454,0.056,50ml,PET-Boca,,3.85,77,4084500940512,Kozmetika,3.85
Bebimil Hrana za dojenèad 2,0004474,0.6,600g,Pakovanje,,11.25,18.75,9007253104906,Hrana,11.25
"NUK Silikonske Dude Varalice, Vel.2",0004532,0.033,2komad,Pakovanje,Mapa,5.29,5.29,4008600296850,Proizvodi za kuæanstvo,5.29
Monster Energetski napitak Hamilton,0004540,0.5,"0,5l",Limenka,Coca-Cola,1.59,3.18,5060337508759,Piæe,1.59
Pepsi Regular,0004561,2.051,2l,PET-Boca,Pepsi,1.85,0.93,3830065022627,Piæe,1.85
Johnson's Baby Ulje/Losion sort. ,0004627,0.5,500ml,Boca,,6.19,12.38,3574660058857,Kozmetika,6.19
Kalodont Pasta za zube Retro,0004818,0.1,75ml,Pakovanje,,1.09,1.45,3850105150424,Kozmetika,1.09
Kalodont Pasta za zube Retro,0004818,0.1,75ml,Pakovanje,,1.09,1.45,3850105183132,Kozmetika,1.09
Gouda 45% m.m.,0004821,0.7,700g,Vakumir. pakov.,,5.99,8.56,3858888595708,Hrana,5.99
Svježi posni sir,0004947,0.5,500g,Posudica,Okusi zavièaja,1.75,3.5,20456603,Hrana,1.75
Leæa SK1,0004964,0.5,500g,Vrecica,Campo Largo,1.16,2.32,20214432,Hrana,1.29
Leæa SK1,0004964,0.5,500g,Vrecica,Campo Largo,1.16,2.32,20214456,Hrana,1.29
"Dove Gel za tuširanje sort., 250ml",0004967,0.258,250ml,Boca,,2.99,11.96,8710908285127,Kozmetika,2.99
"Dove Gel za tuširanje sort., 250ml",0004967,0.258,250ml,Boca,,2.99,11.96,8711600792784,Kozmetika,2.99
"Dove Gel za tuširanje sort., 250ml",0004967,0.258,250ml,Boca,,2.99,11.96,8712561630764,Kozmetika,2.99
Zdenka Topljeni sir SK1,0005039,0.14,140g,Pakovanje,,2.19,15.64,3858888590093,Hrana,2.19
Nestlé Nescafe 2u1/3u1,0005074,0.137,"80g, 140g, 155g",Vrecica,,2.99,21.36,5998710967650,Piæe,2.99
Nestlé Nescafe 2u1/3u1,0005074,0.137,"80g, 140g, 155g",Vrecica,,2.99,19.29,7613032868505,Piæe,2.99
Nestlé Nescafe 2u1/3u1,0005074,0.137,"80g, 140g, 155g",Vrecica,,2.99,37.38,7613032921125,Piæe,2.99
Nestlé Nescafe 2u1/3u1,0005074,0.137,"80g, 140g, 155g",Vrecica,,2.99,37.38,7613034025333,Piæe,2.99
Nestlé Nescafe 2u1/3u1,0005074,0.137,"80g, 140g, 155g",Vrecica,,2.99,21.36,7613036844475,Piæe,2.99
Nestlé Nescafe 2u1/3u1,0005074,0.137,"80g, 140g, 155g",Vrecica,,2.99,19.29,7613036844475,Piæe,2.99
Nestlé Nescafe 2u1/3u1,0005074,0.137,"80g, 140g, 155g",Vrecica,,2.99,21.36,7613036870115,Piæe,2.99
Nestlé Nescafe 2u1/3u1,0005074,0.137,"80g, 140g, 155g",Vrecica,,2.99,17.59,7613036870115,Piæe,2.99
Nestlé Nescafe 2u1/3u1,0005074,0.137,"80g, 140g, 155g",Vrecica,,2.99,17.59,8445290099785,Piæe,2.99
Nestlé Nescafe 2u1/3u1,0005074,0.137,"80g, 140g, 155g",Vrecica,,2.99,19.29,8445291261044,Piæe,2.99
"Minas mljevena kava, 500g",0005082,0.5,500g,Vrecica,-,5.99,11.98,20331337,Piæe,5.99
"Minas mljevena kava, 500g",0005082,0.5,500g,Vrecica,-,5.99,11.98,4056489317746,Piæe,5.99
Zamjenski uložak za lampione,0005132,0.32,2komad,Pakovanje,-,2.49,7.78,20233266,Proizvodi za kuæanstvo,2.49
Argeta Riblja pašteta SK1,0005139,0.095,95g,Limenka,,1.99,20.95,3838975567061,Hrana,1.99
Pivac Chardonnay,0005351,1.985,2l,PET-Boca,,2.89,1.45,3858884994895,Piæe,2.89
Pivac Chardonnay,0005351,1.985,2l,PET-Boca,,2.89,1.45,5319991722279,Piæe,2.89
Kokice s okusom maslaca,0005364,0.1,100g,Vrecica,California,0.37,3.7,20248222,Hrana,0.37
"Argeta Kokošja pašteta, 3x95g",0005502,0.285,3x95g,Pakovanje,,3.19,11.19,3872216000023,Hrana,3.49
"Pureæa prsa, narezana",0005525,0.1,100g,Atmos-Pakiranje,Pikok,1.29,12.9,20274290,Hrana,1.29
Svježi pileæi filet,0005607,1,ca. 500g,Atmos-Pakiranje,Naša mesnica,7.39,7.39,2852021000000,Hrana,7.39
Svježi pileæi filet,0005607,1,ca. 500g,Atmos-Pakiranje,Naša mesnica,7.39,7.39,2891924000000,Hrana,7.39
Èaj od mente,0005631,0.04,20x2g,Kart. na prekl.,Lord Nelson,0.59,0.59,20358600,Piæe,0.59
Axe gel za tuširanje sort.,0005639,0.257,250ml,Boca,,2.99,11.96,40883694,Kozmetika,2.99
Axe gel za tuširanje sort.,0005639,0.257,250ml,Boca,,2.99,11.96,42153184,Kozmetika,2.99
Axe gel za tuširanje sort.,0005639,0.257,250ml,Boca,,2.99,11.96,8711600656567,Kozmetika,2.99
"Skuša fileti u ulju, arom.",0005718,0.17,170g,Limenka,Nixe,1.59,9.35,20154455,Hrana,1.59
Skuša fileti u umaku rajèica,0005719,0.17,170g,Limenka,Nixe,1.59,9.35,20762292,Hrana,1.59
Dolcela Gussnel,0005733,0.25,250g,Kart. na prekl.,,1.99,7.96,3850104258725,Hrana,1.99
Tic Tac SK5,0005761,0.018,18g,Pakovanje,,0.79,0.79,80756422,Hrana,0.79
Tic Tac SK5,0005761,0.018,18g,Pakovanje,,0.79,0.79,80789031,Hrana,0.79
"Napolitanke SK3, UTZ",0005796,0.8,800g,Vrecica,Tastino,2.49,3.11,20434373,Hrana,2.69
Jetrena pašteta SK37,0005881,0.15,150g,Plitica,Pikok,0.99,6.6,20363918,Hrana,0.99
Jetrena pašteta SK37,0005881,0.15,150g,Plitica,Pikok,0.99,6.6,20363932,Hrana,0.99
Sensodyne Pasta za zube SK2,0005894,0.075,75ml,Tuba,,3.95,52.67,3800132250611,Kozmetika,3.95
Schauma šampon sort.,0005896,0.52,400ml,Boca,,3.17,7.93,3838824086750,Kozmetika,3.17
Schauma šampon sort.,0005896,0.52,400ml,Boca,,3.17,7.93,4015001005370,Kozmetika,3.17
Nivea Dezodorans roler SK1,0005958,0.052,50ml,Pakovanje,,3.95,79,42240716,Kozmetika,3.95
"Èokoladne kuglice, 80g",0006062,0.08,80g,Vrecica,Mister Choc,0.89,11.13,20476557,Hrana,0.89
Njoki s nadj. slanina-brie/sir SK1,0006148,0.5,500g,Plitica,Italiamo,2.49,4.98,20305093,Hrana,2.49
Raid Sprej protiv svih insekata,0006229,0.406,400ml,Limenka,,7.39,18.48,5000204203066,Proizvodi za kuæanstvo,7.39
"Smirnoff Vodka 37,5%",0006252,0.68,"0,7l",Boca,,16.59,23.7,5011013400157,Piæe,16.59
Amadori Svježi pureæi batak vp,0006274,1,cca. 1000g,Vakumir. pakov.,,2.39,2.39,2505240000000,Hrana,2.39
Ritter Sport SK17,0006343,0.1,100g,Tabla,Ritter,1.79,17.9,4000417011008,Hrana,1.79
Ritter Sport SK17,0006343,0.1,100g,Tabla,Ritter,1.79,17.9,4000417012005,Hrana,1.79
Ritter Sport SK17,0006343,0.1,100g,Tabla,Ritter,1.79,17.9,4000417026002,Hrana,1.79
Ritter Sport SK17,0006343,0.1,100g,Tabla,Ritter,1.79,17.9,4000417027009,Hrana,1.79
Ritter Sport SK17,0006343,0.1,100g,Tabla,Ritter,1.79,17.9,4000417294005,Hrana,1.79
Ritter Sport SK17,0006343,0.1,100g,Tabla,Ritter,1.79,17.9,4000417300003,Hrana,1.79
Ritter Sport SK17,0006343,0.1,100g,Tabla,Ritter,1.79,17.9,4000417303004,Hrana,1.79
Ritter Sport SK17,0006343,0.1,100g,Tabla,Ritter,1.79,17.9,4000417305008,Hrana,1.79
Ritter Sport SK17,0006343,0.1,100g,Tabla,Ritter,1.79,17.9,4000417307002,Hrana,1.79
"Svježa pileæa leða, cca. 750g",0006457,1,ca. 750g,Atmos-Pakiranje,Naša mesnica,1.69,1.69,2891131000000,Hrana,1.69
"Svježa pileæa leða, cca. 750g",0006457,1,ca. 750g,Atmos-Pakiranje,Naša mesnica,1.69,1.69,2891132000000,Hrana,1.69
"Svježa pileæa leða, cca. 750g",0006457,1,ca. 750g,Atmos-Pakiranje,Naša mesnica,1.69,1.69,2891134000000,Hrana,1.69
"Svježa pileæa prsa, bk sk, cca 500g",0006488,1,ca. 500g,Atmos-Pakiranje,Naša mesnica,5.89,5.89,2136961000000,Hrana,5.89
"Svježa pileæa prsa, bk sk, cca 500g",0006488,1,ca. 500g,Atmos-Pakiranje,Naša mesnica,5.89,5.89,2891143000000,Hrana,5.89
"Svježa pileæa prsa, bk sk, cca 500g",0006488,1,ca. 500g,Atmos-Pakiranje,Naša mesnica,5.89,5.89,2891148000000,Hrana,5.89
"Svježa pileæa prsa, bk sk, cca 500g",0006488,1,ca. 500g,Atmos-Pakiranje,Naša mesnica,5.89,5.89,2891149000000,Hrana,5.89
Svježi pileæi batak,0006489,1,ca. 500g,Atmos-Pakiranje,Naša mesnica,4.09,4.09,2852014000000,Hrana,4.09
Svježi pileæi batak,0006489,1,ca. 500g,Atmos-Pakiranje,Naša mesnica,4.09,4.09,2864890000000,Hrana,4.09
Èešnjovka/Dalm. kobasica SK4,0006587,0.2,200g,Atmos-Pakiranje,Okusi zavièaja,2.19,10.95,20492526,Hrana,2.89
"Domaæi ribanci s jajima, 400g",0006627,0.4,400g,Vrecica,Okusi zavièaja,1.29,3.23,20492304,Hrana,1.29
"Svježi pileæi zabatak, cca. 500g",0006675,1,ca. 500g,Atmos-Pakiranje,Naša mesnica,4.09,4.09,2114262000000,Hrana,4.09
"Svježi pileæi zabatak, cca. 500g",0006675,1,ca. 500g,Atmos-Pakiranje,Naša mesnica,4.09,4.09,2136971000000,Hrana,4.09
"Svježi pileæi zabatak, cca. 500g",0006675,1,ca. 500g,Atmos-Pakiranje,Naša mesnica,4.09,4.09,2852042000000,Hrana,4.09
"Svježi pileæi zabatak, cca. 500g",0006675,1,ca. 500g,Atmos-Pakiranje,Naša mesnica,4.09,4.09,2852044000000,Hrana,4.09
"Svježi pileæi zabatak, cca. 500g",0006675,1,ca. 500g,Atmos-Pakiranje,Naša mesnica,4.09,4.09,2852046000000,Hrana,4.09
"Svježi pileæi zabatak, cca. 500g",0006675,1,ca. 500g,Atmos-Pakiranje,Naša mesnica,4.09,4.09,2891971000000,Hrana,4.09
"Svježi pileæi zabatak, cca. 500g",0006675,1,ca. 500g,Atmos-Pakiranje,Naša mesnica,4.09,4.09,2891977000000,Hrana,4.09
"Èokolada za kuhanje, 350g",0006683,0.35,350g,Tabla,Fin Carré,4.65,13.29,20492120,Hrana,4.65
"Nutella, 1kg",0006686,1,1kg,Staklo,,9.49,9.49,8000500082379,Hrana,9.49
"Pileæi mix za juhu, cca. 500g",0006735,1,ca. 500g,Atmos-Pakiranje,Naša mesnica,2.69,2.69,2891120000000,Hrana,2.69
"Pileæi mix za juhu, cca. 500g",0006735,1,ca. 500g,Atmos-Pakiranje,Naša mesnica,2.69,2.69,2891121000000,Hrana,2.69
Nivea Sun Djeèji losion ZF50+,0007522,0.2,200ml,PET-Boca,,15.99,79.95,4005808430208,Kozmetika,15.99
M&M's SK2,0007674,0.214,"187g,220g",Samost.vreca,,3.29,14.95,5000159423175,Hrana,3.29
M&M's SK2,0007674,0.214,"187g,220g",Samost.vreca,,3.29,14.95,5000159484602,Hrana,3.29
Air Wick Fresh Matic Refill sort.,0008404,0.17,250ml,Limenka,,6.69,26.76,5999109542069,Sredstva za èišæenje,6.69
Studenac Gazirana mineralna voda ,0008473,6,"4x1,5l",PET-Boca,,2.29,0.38,3850104444500,Piæe,2.29
"Jaja razred M, klasa A, 30 komada",0008481,1.74,30komad,Pakovanje,,4.59,0.15,3859890611189,Hrana,4.59
Nivea Sun Dj. sprej za sunèa. ZF 30,0008717,0.2,200ml,PET-Boca,,16.99,84.95,4005900355300,Kozmetika,16.99
"Štark Smoki flips, 130g",0008931,0.13,130g,Vrecica,,1.29,9.92,8600939540664,Hrana,1.29
Kokice za mikrovalnu peænicu,0009015,0.3,3x100g,Vrecica,Snack Day,1.39,4.63,20404536,Hrana,1.39
Sanitar original + fresh lavanda,0009016,1.431,1400ml,Pakovanje,,3.29,2.35,3850111504228,Sredstva za èišæenje,3.29
BO Hamby pecivo sa sezamom SUS,0009031,0.07,70g,Rasuto,,0.29,4.14,3859890771821,Hrana,0.29
"Svinjski file, cca. 400g",0009053,1,ca. 400g,Vakumir. pakov.,Naša mesnica,8.89,8.89,2700292000000,Hrana,8.89
Pizza hlaðena SK27,0009099,0.43,430g,Pakovanje,Chef Select,2.99,6.95,20165413,Hrana,2.99
Coca Cola Zero 5+1 gratis,0009263,1.98,"6x0,33l",Limenka,Coca-Cola,5.25,2.65,5000112652871,Piæe,5.25
Pepsi Max Limeta,0009269,2,2l,PET-Boca,Pepsi,1.85,0.93,3830065021132,Piæe,1.85
"Petit keks, 1000g",0009403,1,1000g,Pakovanje,Sondey,2.59,2.59,3871354001411,Hrana,2.59
Gel za kosu za muškarce SK10,0009855,0.15,150ml,Tuba,Cien,1.79,11.93,20187286,Kozmetika,1.79
Gel za kosu za muškarce SK10,0009855,0.15,150ml,Tuba,Cien,1.79,11.93,20336769,Kozmetika,1.79
Gel za kosu za muškarce SK10,0009855,0.15,150ml,Tuba,Cien,1.79,11.93,4056489442127,Kozmetika,1.79
"Èoko vafli classic, UTZ, RFA",0009858,0.04,40g,Pakovanje,Sondey,0.39,0.39,4056489357865,Hrana,0.39
"Alpska šunka u komadu, cca. 600g",0010237,1,ca. 600g,Vakumir. pakov.,Alpenfest,12.69,12.69,2228880000000,Hrana,12.69
"Alpska šunka u komadu, cca. 600g",0010237,1,ca. 600g,Vakumir. pakov.,Alpenfest,12.69,12.69,2810236000000,Hrana,12.69
Mortadella s pistacijama,0010630,0.7,700g,Vakumir. pakov.,Italiamo,3.89,5.56,20055325,Hrana,3.89
Salatna majoneza 50%,0011318,0.494,500ml,Staklo,Kania,2.49,4.98,20013554,Hrana,2.49
Majoneza 80%,0011319,0.466,500ml,PET-Boca,Kania,2.29,4.58,20051389,Hrana,2.29
Kobasica SK13,0011790,0.2,200g,Atmos-Pakiranje,Dulano,2.39,11.95,20097271,Hrana,2.15
Mediteranski pršut SK24,0011818,0.1,100g,Atmos-Pakiranje,Dulano Selection,2.59,25.9,20087487,Hrana,2.59
Mediteranski pršut SK24,0011818,0.1,100g,Atmos-Pakiranje,Dulano Selection,2.59,25.9,4056489115137,Hrana,2.59
Salsa umak SK8,0011890,0.31,"300g,315g",Staklo,Snack Day,1.59,5.05,20108595,Hrana,1.59
Krumpir salata SK2,0011924,1,1kg,Posudica,Alpenfest,2.89,2.89,20034764,Hrana,2.89
Azijska juha SK12,0012009,0.4,400ml,Limenka,Vitasia,1.39,3.48,20104276,Hrana,1.39
Azijska juha SK12,0012009,0.4,400ml,Limenka,Vitasia,1.39,3.48,20104283,Hrana,1.39
Paella za pripremu na tavi,0012043,0.75,750g,Vrecica,Sol&Mar,3.99,5.32,20008307,Hrana,3.99
Smrznuto povræe za tavu SK21,0012083,0.75,750g,Vrecica,Freshona,2.99,3.99,4056489447818,Hrana,2.99
"Borovnica, smrznuto",0012133,0.5,500g,Vrecica,Freshona,2.59,5.18,20130602,Hrana,2.59
Premium jogurt SK15,0012564,0.15,150g,Posudica,Milbona,1.09,7.27,20046873,Hrana,1.09
"Keksi punjeni kakao kremom, UTZ",0012897,0.5,500g,Pakovanje,Sondey,1.99,3.98,20081232,Hrana,1.99
"Keksi punjeni kakao kremom, UTZ",0012897,0.5,500g,Pakovanje,Sondey,1.99,3.98,20402228,Hrana,1.99
Pekan orah,0012970,0.2,200g,Vrecica,Alesto Selection,3.56,17.8,20202408,Hrana,3.95
Hrskavi müsli SK2,0019931,0.6,600g,Kart. na prekl.,Crownfield,3.35,5.58,20201791,Hrana,3.35
Kolaè od sira SK4,0021011,0.5,500g,Pakovanje,Alpenfest,2.59,5.18,20010102,Hrana,2.59
Muffins 4kom. SK6,0021025,0.3,300g,Pakovanje,Confiserie Firenze,2.69,8.97,20006303,Hrana,2.69
Tvrdi voæni bomboni,0021224,1,1000g,Staklo,Sweet Corner,7.29,7.29,20114015,Hrana,7.29
Minis Caramel,0021249,0.35,350g,Vrecica,Mister Choc,3.59,10.26,4056489231684,Hrana,3.59
Minis Caramel,0021249,0.35,350g,Vrecica,Mister Choc,3.59,10.26,4056489730279,Hrana,3.59
Sredstvo za èišæenje poda SK17,0021341,1.01,1l,PET-Boca,W5,1.85,1.85,20072391,Sredstva za èišæenje,1.85
Sredstvo za èišæenje poda SK17,0021341,1.01,1l,PET-Boca,W5,1.85,1.85,20336776,Sredstva za èišæenje,1.85
Sredstvo za èišæenje poda SK17,0021341,1.01,1l,PET-Boca,W5,1.85,1.85,4056489210078,Sredstva za èišæenje,1.85
Mješavina za tart SK1,0021592,0.513,"490g,535g",Kart. na prekl.,Duc de Coeur,2.29,4.67,20189150,Hrana,2.29
Glazura za torte 6kom. SK4,0021781,0.072,72g,Pakovanje,Belbake,0.99,13.75,4056489546917,Hrana,0.99
Sladoled štapiæ SK7,0021940,0.219,3x110ml,Kart. na prekl.,Gelatelli,2.19,6.64,4056489267348,Hrana,2.19
Sladoled vanilija,0022161,0.5,1000ml,Plitica,Bon Gelati,3.49,3.49,20180201,Hrana,3.49
Brazilski orah,0022252,0.2,200g,Vrecica,Alesto Selection,3.49,17.45,20202392,Hrana,3.49
Integralni špageti HWG,0022427,0.5,500g,Vrecica,Combino,0.85,1.7,20122577,Hrana,0.85
Umaci za tjesteninu SK8,0022470,0.34,340g,Staklo,Italiamo,2.19,6.44,20496524,Hrana,2.19
Original tal. ocat Balsamico ,0022471,0.55,"0,5l",Boca,Acentino,1.99,3.98,20008895,Hrana,1.99
Krutoni SK1,0022485,0.1,100g,Kart. na prekl.,Kania,1.39,13.9,20171094,Hrana,1.39
Krutoni SK1,0022485,0.1,100g,Kart. na prekl.,Kania,1.39,13.9,20171100,Hrana,1.39
Kuhana šunka,0022526,0.15,150g,Atmos-Pakiranje,Dulano,2.39,15.93,20189341,Hrana,2.39
Meki kravlji sir u salamuri,0022725,1,1kg,Limenka,Milbona,9.99,9.99,20069971,Hrana,9.99
Meki kravlji sir u salamuri,0022725,1,1kg,Limenka,Milbona,9.99,9.99,4056489203193,Hrana,9.99
Baguettes-francuz SK5,0022918,0.35,2x175g,Vrecica,Chef Select,2.79,7.97,4056489455110,Hrana,2.79
Tortilla èips Salsa Jalapeno,0022928,0.2,200g,Vrecica,El Tequito,0.99,4.95,20121587,Hrana,0.99
Tortilla 6x25cm,0022934,0.37,370g,Pakovanje,Snack Day,1.39,3.76,20119676,Hrana,1.39
Kiseli gumeni bomboni,0023135,0.4,400g,Vrecica,Sweet Corner,2.49,6.23,20708207,Hrana,2.49
Mesni naresci SK2,0024325,0.1,100g,Atmos-Pakiranje,Alpenfest,1.89,18.9,4056489115434,Hrana,1.89
Kolaè s ribanim tijestom SK10,0024334,0.4,400g,Pakovanje,Alpenfest,2.49,6.23,20122881,Hrana,2.49
Chianti Corte alle Mura ,0024773,0.75,"0,75l",Boca,,3.99,5.32,4304493263253,Piæe,3.99
Svježi kozji sir,0025707,0.2,200g,Pakovanje,Duc de Coeur,2.99,14.95,3228022150139,Hrana,2.99
Pizza sa šunkom i sirom,0025772,0.4,400g,Kart. na prekl.,Italiamo,3.19,7.98,20490706,Hrana,3.19
Meki sir s plavom plijesni,0025914,0.25,250g,Pakovanje,Duc de Coeur,3.39,13.56,4056489203254,Hrana,3.39
Maramice za èišæenje lica SK11,0026909,0.15,25komad,Pakovanje,Cien,0.84,0.03,4056489472506,Proizvodi za kuæanstvo,0.84
Zaštitna Anti-age krema za sunè SK6,0027370,0.075,75ml,Tuba,Cien Sun,4.99,66.53,4335619130692,Kozmetika,4.99
Djeèja krema za sunèanje ZF 50+,0027375,0.102,100ml,Tuba,Cien Sun,2.49,24.9,20231460,Kozmetika,2.49
Èokolada s cijelim lješnjacima,0027514,0.2,200g,Tabla,Fin Carré,3.79,18.95,20030261,Hrana,3.79
Èokolada s vrhnjem ,0027543,0.2,200g,Tabla,Fin Carré,1.89,9.45,20080204,Hrana,1.89
Zaèini,0028001,0.014,"12,5g,15g",Staklo,Kania,1.85,1.85,20226558,Hrana,1.85
Tamna èok. s karamelom,0028133,0.125,125g,Tabla,J.D. Gross,2.99,23.92,20177218,Hrana,2.99
Flips sa sirom,0028360,0.125,125g,Vrecica,Snack Day,0.99,7.92,4056489704393,Hrana,0.99
Sfogliatine,0028555,0.2,200g,Pakovanje,Italiamo,1.19,5.95,20216702,Hrana,1.19
Flaster SK7,0028901,0.023,"20komad,40komad",Pakovanje,Sensiplast,0.89,0.04,20084936,Proizvodi za kuæanstvo,0.89
Flaster SK7,0028901,0.023,"20komad,40komad",Pakovanje,Sensiplast,0.89,0.04,20084950,Proizvodi za kuæanstvo,0.89
Flaster SK7,0028901,0.023,"20komad,40komad",Pakovanje,Sensiplast,0.89,0.02,20084967,Proizvodi za kuæanstvo,0.89
Flaster SK7,0028901,0.023,"20komad,40komad",Pakovanje,Sensiplast,0.89,0.02,4056489235583,Proizvodi za kuæanstvo,0.89
Flaster SK7,0028901,0.023,"20komad,40komad",Pakovanje,Sensiplast,0.89,0.04,40895376,Proizvodi za kuæanstvo,0.89
Tortilla èips SK 19,0029058,0.3,300g,Vrecica,El Tequito,1.49,4.97,4056489687924,Hrana,1.69
Tortille SK4,0029070,0.24,240g,Pakovanje,El Tequito,1.29,5.38,20121518,Hrana,1.29
Oguljena rajèica - pelat,0029247,0.4,425ml,Limenka,Baresa,0.99,2.48,20198107,Hrana,0.99
Uniferm Svježi kvasac,0029328,0.042,42g,Pakovanje,,0.29,0.29,41017746,Hrana,0.29
Cava Semi Seco DO,0029704,0.745,"0,75l",Boca,Arestel,5.69,7.59,20044442,Piæe,5.69
Desertni specijaliteti SK22,0030937,0.175,"2x85g,2x90g",Pakovanje,MCENNEDY,1.69,9.39,4056489102656,Hrana,1.69
Lasagne SK32,0032112,0.4,400g,Plitica,Chef Select,2.79,6.98,20211387,Hrana,2.79
Lasagne SK32,0032112,0.4,400g,Plitica,Chef Select,2.79,6.98,20211394,Hrana,2.79
Lasagne SK32,0032112,0.4,400g,Plitica,Chef Select,2.79,6.98,20211400,Hrana,2.79
Liebfraumilch ,0032468,0.75,"0,75l",Boca,-,3.29,4.39,4056489786269,Piæe,3.29
Austr. Chardonnay Colombard,0034525,0.75,"0,75l",Boca,Cimarosa,3.59,4.79,4335619073722,Piæe,3.59
Vrhnje za kuhanje 22%,0034596,0.202,200ml,Pakovanje,Milbona,1.05,5.25,20040093,Hrana,1.05
Sred. za èiš. kupao./kuh. s izbjelj,0034781,1.077,1l,PET-Boca,W5,1.79,1.79,20070212,Sredstva za èišæenje,1.99
Èips rebrasti s okusom sira i luka,0036645,0.15,150g,Vrecica,Snack Day,1.15,7.67,4056489487531,Hrana,1.15
Èips rebrasti s okusom sira i luka,0036645,0.15,150g,Vrecica,Snack Day,1.15,7.67,40894881,Hrana,1.15
Premium Müsli SK1,0036658,0.75,750g,Vrecica,Crownfield,4.99,6.65,20202859,Hrana,4.99
Kikiriki zaèinjen SK2,0037187,0.15,150g,Vrecica,Alesto,1.19,7.93,20500894,Hrana,1.19
Delikates kobasica za peèenje QS,0037597,0.54,540g,Vakumir. pakov.,Dulano,4.49,8.31,20259488,Hrana,4.49
Tortille Classic,0038680,1.2,1.200kg,Pakovanje,1001 delights,3.99,3.33,4335619196155,Hrana,3.99
"Kroketi od krumpira, punjeni SK4",0038685,0.6,600g,Vrecica,Alpenfest,2.79,4.65,20216269,Hrana,2.49
"Tamponi, razne vrste 56-80 kom. SK8",0038769,0.178,"56komad,64komad,80komad",Kart. na prekl.,Siempre,3.69,0.06,4056489722953,Proizvodi za kuæanstvo,3.69
"Tamponi, razne vrste 56-80 kom. SK8",0038769,0.178,"56komad,64komad,80komad",Kart. na prekl.,Siempre,3.69,0.05,4056489849025,Proizvodi za kuæanstvo,3.69
Smoothie 250ml SK13,0038798,0.265,250ml,PET-Boca,Solevita,1.49,5.96,4304493261792,Hrana,1.49
Smoothie 250ml SK13,0038798,0.265,250ml,PET-Boca,Solevita,1.49,5.96,4304493261921,Hrana,1.49
Hrana za pse SK13,0038821,0.3,300g,Plitica,Orlando,0.79,2.63,4056489571087,Proizvodi za kuæanstvo,0.89
Trottole Tricolore,0039011,0.5,500g,Vrecica,Italiamo,1.69,3.38,20122522,Hrana,1.69
Balsamico umak SK5,0039128,0.316,250ml,PET-Boca,Italiamo,1.39,5.56,20250522,Hrana,1.39
Predjela na talijanski naèin SK16,0039135,0.288,"285g,300g",Staklo,Italiamo,2.29,8.04,20416676,Hrana,2.29
Predjela na talijanski naèin SK16,0039135,0.288,"285g,300g",Staklo,Italiamo,2.29,7.63,20488819,Hrana,2.29
Predjela na talijanski naèin SK16,0039135,0.288,"285g,300g",Staklo,Italiamo,2.29,8.04,20488826,Hrana,2.29
Zaèini SK3,0039567,0.046,"35g,45g,65g",PET-Boca,Vitasia,0.99,2.2,20400866,Hrana,0.99
Zaèini SK3,0039567,0.046,"35g,45g,65g",PET-Boca,Vitasia,0.99,2.2,20400897,Hrana,0.99
Suha hrana za maèke 2 kg SK17,0039750,2,2kg,Vrecica,Coshida,3.45,1.73,20858254,Proizvodi za kuæanstvo,3.45
Asia umaci SK6,0040086,0.284,250ml,Boca,Vitasia,1.49,5.96,20103552,Hrana,1.49
Asia umaci SK6,0040086,0.284,250ml,Boca,Vitasia,1.49,5.96,20110833,Hrana,1.49
Asia umaci SK6,0040086,0.284,250ml,Boca,Vitasia,1.49,5.96,20196097,Hrana,1.49
Asia umaci SK6,0040086,0.284,250ml,Boca,Vitasia,1.49,5.96,4056489002673,Hrana,1.49
Goldbrand 30% vol.,0040094,0.673,"0,7l",Boca,Alliance,5.39,7.7,4304493258631,Piæe,5.39
American style cookies SK1,0043358,0.175,175g,Vrecica,MCENNEDY,1.39,7.94,8710502405013,Hrana,1.39
Pjenasti poljupci s kokosom,0043991,0.15,150g,Kart. na prekl.,,2.59,17.27,20258696,Hrana,2.49
Kremasti liker od banane 17 % Vol.,0044746,0.563,"0,5l",Boca,,5.29,10.58,4304493267756,Piæe,4.19
Twist s maslacem SK2,0045986,0.125,125g,Pakovanje,Duc de Coeur,1.39,11.12,4056489257851,Hrana,1.39
Prosecco Treviso DOC frizzante,0048641,0.75,"0,75l",Boca,Allini,4.99,6.65,4056489927600,Piæe,4.99
Šumeæe tablete magnezij,0051523,0.08,80g,Limenka,Optisana,1.15,14.38,20289102,Hrana,1.15
Pizza Margherita XXL,0052368,1.2,4x300g,Kart. na prekl.,Trattoria Alfredo,5.55,4.63,4056489889922,Hrana,5.55
Èetkice za zube XXL SK2,0054681,0.067,3komad,Pakovanje,Dentalux,1.09,0.36,20295424,Kozmetika,1.09
"Smrznuto povræe, SK7",0054707,0.45,450g,Vrecica,Freshona,1.59,3.53,20385958,Hrana,1.79
"Smrznuto povræe, SK7",0054707,0.45,450g,Vrecica,Freshona,1.59,3.53,4056489431589,Hrana,1.79
Korneti 6 kom. SK1,0054742,0.45,6x120ml,Kart. na prekl.,Gelatelli,2.99,4.15,20294564,Hrana,2.99
Secco Rosato,0054772,0.2,"0,2l",Limenka,Allini,0.99,4.95,4056489249306,Piæe,0.99
"Èajno pecivo SK2, UTZ",0055526,0.3,300g,Kart. na prekl.,Sondey,2.75,9.17,20302979,Hrana,2.75
"Prutiæi za pse SK1, 88g",0055891,0.088,88g,Pakovanje,Orlando,1.19,13.52,4056489142546,Proizvodi za kuæanstvo,1.19
"Prutiæi za pse SK1, 88g",0055891,0.088,88g,Pakovanje,Orlando,1.19,13.52,4056489142591,Proizvodi za kuæanstvo,1.19
"Gazirano piæe cola, 0% šeæera",0057721,1.501,"1,5l",PET-Boca,Freeway,0.79,0.53,4304493269132,Piæe,0.79
Specijaliteti od kozjeg sira SK30,0058128,0.1,100g,Pakovanje,Duc de Coeur,1.71,17.1,20462376,Hrana,1.71
Specijaliteti od kozjeg sira SK30,0058128,0.1,100g,Pakovanje,Duc de Coeur,1.71,17.1,20696658,Hrana,1.71
"Luèice, 50 kom.",0058558,0.5,50komad,Pakovanje,Livarno,3.49,0.07,4056489849759,Proizvodi za kuæanstvo,3.49
"Dugaèke šibice, 2x50 kom.",0058575,0.08,2x50komad,Pakovanje,,0.99,0.99,4004753025491,Proizvodi za kuæanstvo,0.99
Ledena kava SK6,0058658,0.261,250ml,Posudica,Milbona,1.09,4.36,4304493262119,Hrana,1.09
Extra hrskavi èips SK8,0059344,0.125,125g,Vrecica,Snack Day,1.39,11.12,20551858,Hrana,1.39
Amerièka pizza SK3,0059859,0.44,440g,Kart. na prekl.,MCENNEDY,2.89,6.57,20543068,Hrana,2.89
Higijenski sprej za ruke i površine,0060140,0.224,250ml,PET-Boca,W5,1.85,7.4,4052917120377,Sredstva za èišæenje,1.85
Grèki zaèini SK5,0060253,0.041,"35g,40g,50g",Limenka,Eridanous,0.79,22.57,20550080,Hrana,0.79
Grèki zaèini SK5,0060253,0.041,"35g,40g,50g",Limenka,Eridanous,0.79,22.57,20550097,Hrana,0.79
Grèki zaèini SK5,0060253,0.041,"35g,40g,50g",Limenka,Eridanous,0.79,15.8,20550103,Hrana,0.79
Grèki zaèini SK5,0060253,0.041,"35g,40g,50g",Limenka,Eridanous,0.79,22.57,20656454,Hrana,0.79
Grèki zaèini SK5,0060253,0.041,"35g,40g,50g",Limenka,Eridanous,0.79,15.8,4056489644279,Hrana,0.79
Grèki zaèini SK5,0060253,0.041,"35g,40g,50g",Limenka,Eridanous,0.79,19.75,4056489644293,Hrana,0.79
Grèki zaèini SK5,0060253,0.041,"35g,40g,50g",Limenka,Eridanous,0.79,22.57,4056489723660,Hrana,0.79
Grèki zaèini SK5,0060253,0.041,"35g,40g,50g",Limenka,Eridanous,0.79,19.75,4056489723660,Hrana,0.79
Grèki zaèini SK5,0060253,0.041,"35g,40g,50g",Limenka,Eridanous,0.79,15.8,4056489723660,Hrana,0.79
Kolaè od dizanog tijesta SK2,0060487,0.45,450g,Pakovanje,Alpenfest,2.99,6.64,20669447,Hrana,2.79
"Sorbet Limun, 600g",0060695,0.6,1000ml,Plitica,Gelatelli,2.49,2.49,20548391,Hrana,2.49
Dezodorans SK21,0062781,0.117,200ml,Limenka,Cien,1.29,6.45,20549206,Kozmetika,1.29
Dezodorans SK21,0062781,0.117,200ml,Limenka,Cien,1.29,6.45,4056489525844,Kozmetika,1.29
Dezodorans muški SK15,0062785,0.124,200ml,Limenka,Cien MEN,1.29,6.45,20321062,Kozmetika,1.29
Dezodorans muški SK15,0062785,0.124,200ml,Limenka,Cien MEN,1.29,6.45,20321116,Kozmetika,1.29
Sredstvo za èišæenje kupaonice SK10,0062791,0.761,750ml,PET-Boca,W5,1.85,2.47,20265502,Sredstva za èišæenje,1.85
Sredstvo za èišæenje kupaonice SK10,0062791,0.761,750ml,PET-Boca,W5,1.85,2.47,20916107,Sredstva za èišæenje,1.85
Sredstvo za èišæenje kupaonice SK10,0062791,0.761,750ml,PET-Boca,W5,1.85,2.47,4056489168416,Sredstva za èišæenje,1.85
Chardonnay IGP Terre Siciliane ,0063293,0.75,"0,75l",Boca,CORTE AURELIO,3.49,4.65,4304493263055,Piæe,3.49
Chardonnay IGP Terre Siciliane ,0063293,0.75,"0,75l",Boca,CORTE AURELIO,3.49,4.65,4334035046921,Piæe,3.49
Transp. sprej za sunèanje ZF 20,0065110,0.221,250ml,PET-Boca,Cien Sun,6.49,25.96,4056489978664,Kozmetika,6.49
Papirnate èaše,0065190,0.183,25komad,Pakovanje,Grillmeister,2.49,0.1,20340834,Proizvodi za kuæanstvo,2.49
Papirnate èaše,0065190,0.183,25komad,Pakovanje,Grillmeister,2.49,0.1,4335619040656,Proizvodi za kuæanstvo,2.49
Sredstvo za èišæenje roštilja,0065263,0.3,400ml,Limenka,Grillmeister,1.59,3.98,4056489845379,Sredstva za èišæenje,1.59
Müsli voæni SK1,0065568,1,1000g,Vrecica,Crownfield,3.49,3.49,20048341,Hrana,3.49
Bellona ,0065607,0.15,150g,Pakovanje,Mister Choc,2.49,16.6,20343613,Hrana,2.49
Krema za ruke SK6,0065854,0.109,"125ml,75ml",Tuba,Cien,1.19,9.52,20334321,Kozmetika,1.19
Odstr. laka za nokte bez acet. SK8,0065975,0.173,200ml,Dozator,Cien,1.99,9.95,20860790,Kozmetika,1.99
Gel / piling za pranje lica SK10,0067420,0.153,150ml,Tuba,Cien,1.39,9.27,4056489246046,Kozmetika,1.39
Sladoled na štapiæu classic XXL,0068180,0.672,8x120ml,Kart. na prekl.,Bon Gelati,4.99,5.2,4056489375180,Hrana,4.99
Pljeskavice XXL SK1,0068460,0.6,600g,Atmos-Pakiranje,Dulano,4.29,7.15,20339593,Hrana,4.29
Sir za burgere,0069698,0.3,300g,Pakovanje,McEnnedy,2.99,9.97,20362065,Hrana,2.99
Sjenilo za oèi SK3 ,0069833,0.003,1komad,Nepakirano,Cien,1.85,1.85,20030889,Kozmetika,1.85
Sir za roštilj SK1,0070128,0.28,280g,Pakovanje,Grillmeister,2.99,10.68,20364649,Hrana,2.99
Mlijeko za sunèanje ZF 30,0072126,0.258,250ml,PET-Boca,Cien,4.25,17,4056489368373,Kozmetika,4.25
Prženi kikiriki u tijestu XXL SK2,0072757,0.25,250g,Vrecica,Alesto,1.59,6.36,20360825,Hrana,1.59
Instant tjestenina SK1,0073974,0.054,"44g,50g,57g,66g",Posudica,Vitasia,1.29,19.55,4056489192220,Hrana,1.29
Instant tjestenina SK1,0073974,0.054,"44g,50g,57g,66g",Posudica,Vitasia,1.29,22.63,4056489192251,Hrana,1.29
"Komadi tune u salamuri, OM: 150g",0074696,0.195,195g,Limenka,Nixe,2.39,15.93,20403027,Hrana,2.39
Biskvit kolaè XXL SK1,0074764,0.5,500g,Pakovanje,Confiserie Firenze,2.89,5.78,20401016,Hrana,2.89
Njega lica za muškarce SK6 ,0076409,0.051,50ml,Kart. na prekl.,Cien,2.59,51.8,4056489323099,Kozmetika,2.59
Njega lica za muškarce SK6 ,0076409,0.051,50ml,Kart. na prekl.,Cien,2.59,51.8,40899657,Kozmetika,2.59
Panirani filet aljaške kolje,0076887,0.96,960g,Vrecica,Ocean Sea,6.99,7.28,20404987,Hrana,6.99
Integralne tortilje 6x25cm,0077433,0.37,370g,Pakovanje,Snack Day,1.25,3.38,4056489018636,Hrana,1.25
Grèki jogurt SK2,0077784,0.5,4x125g,Posudica,Milbona,1.99,3.98,20816612,Hrana,1.99
Grèki jogurt SK2,0077784,0.5,4x125g,Posudica,Milbona,1.99,3.98,4056489010708,Hrana,1.99
Talijanski desertni specijal. SK14,0077845,0.193,"2x100g,2x90g",Pakovanje,Italiamo,1.69,9.39,20401771,Hrana,1.69
Talijanski desertni specijal. SK14,0077845,0.193,"2x100g,2x90g",Pakovanje,Italiamo,1.69,8.45,20401788,Hrana,1.69
Tiramisu SK4,0077850,0.16,2x80g,Posudica,Italiamo,1.59,9.94,4056489627111,Hrana,1.59
Mesni sir SK15,0079751,0.125,125g,Atmos-Pakiranje,Alpenfest,1.49,11.92,20339487,Hrana,1.05
Mješavina vafla ili keksa XXL SK1,0079854,0.495,"440g,550g",Vrecica,Sondey,2.89,6.57,20420918,Hrana,3.49
Hamburger/Hot Dog peciva SK14,0079870,0.278,"250g,300g",Vrecica,Tastino,1.19,3.97,20006358,Hrana,1.19
Hamburger/Hot Dog peciva SK14,0079870,0.278,"250g,300g",Vrecica,Tastino,1.19,3.97,4056489846994,Hrana,1.19
Naranèa 2kg,0080142,2,2kg,Pakovanje,,2.48,1.24,20241681,Hrana,2.48
Peršin korijen 250g,0082799,0.25,250g,Pakovanje,,1.29,5.16,20503529,Hrana,1.24
Peršin korijen 250g,0082799,0.25,250g,Pakovanje,,1.29,5.16,3858893060062,Hrana,1.24
Šampinjoni 500g,0083018,0.5,500g,Pakovanje,,1.89,3.78,3859889614757,Hrana,1.89
Šampinjoni rezani 250g,0083024,0.25,250g,Pakovanje,,1.49,5.96,20554644,Hrana,1.49
Shiitake,0083055,0.1,100g,Pakovanje,,1.69,16.9,20255299,Hrana,1.69
Zaèinsko bilje rezano,0083103,0.03,30g,Pakovanje,,0.69,690,20306090,Hrana,0.69
Luk crveni 5kg,0083335,5,5kg,Pakovanje,,2.75,0.55,20306366,Hrana,2.75
"Luk srebrenac, slatki",0083375,1,1kg,Pakovanje,,1.99,1.99,20554637,Hrana,Nije_bilo_u_prodaji_02.05.2025
Bio baby špinat,0084440,0.1,100g,Pakovanje,,1.29,12.9,20059569,Hrana,1.29
Bio zaèinsko bilje,0084647,0,1komad,Lonac,,1.19,1.19,8024122552003,Hrana,1.49
"Voæni jogurt 2,8% m.m., SK1",0086882,0.15,150g,Posudica,Pilos,0.37,2.47,20156220,Hrana,0.37
Svježi cappelletti sort. SK3,0087019,0.25,250g,Vrecica,Deluxe,2.29,9.16,20438333,Hrana,2.29
Sjajilo za obuæu SK3,0087031,0.075,1komad,Nepakirano,W5,1.29,1.29,20491369,Sredstva za èišæenje,1.29
Bio dimljeni losos,0088225,0.1,100g,Pakovanje,Nautica,4.99,49.9,4056489452676,Hrana,4.99
Tropica Liker od kokosa 21% Vol.,0088341,0.736,"0,7l",Boca,,4.99,7.13,4006714005481,Piæe,4.59
Alk. piæe na bazi ruma 35% vol.,0088408,0.645,"0,7l",Boca,James Cook,6.59,9.41,4304493262270,Piæe,6.59
Šampon protiv prhuti SK10,0088436,0.3,300ml,PET-Boca,Cien,1.29,4.3,20916787,Kozmetika,1.29
Šampon protiv prhuti SK10,0088436,0.3,300ml,PET-Boca,Cien,1.29,4.3,4056489424178,Kozmetika,1.29
Predpeèeni pileæi medaljoni SK1,0088502,0.35,350g,Kart. na prekl.,Vitasia,3.89,11.11,20437213,Hrana,3.79
Tropska mješavina,0089995,0.75,750g,Vrecica,-,4.99,6.65,4056489123583,Hrana,4.99
Tjestenina slova od durum pšenice,0090057,0.5,500g,Vrecica,Combino,1.29,2.58,20437602,Hrana,1.29
Tirolska šunka SK2,0090603,0.1,100g,Atmos-Pakiranje,Alpenfest,2.39,23.9,20440367,Hrana,1.99
Gel za tuširanje 3u1 SK16,0091976,0.309,300ml,PET-Boca,Cien,1.05,3.5,20460952,Kozmetika,1.05
Gel za tuširanje 3u1 SK16,0091976,0.309,300ml,PET-Boca,Cien,1.05,3.5,20460969,Kozmetika,1.05
Gel za tuširanje 3u1 SK16,0091976,0.309,300ml,PET-Boca,Cien,1.05,3.5,4056489236214,Kozmetika,1.05
Gel za tuširanje 3u1 SK16,0091976,0.309,300ml,PET-Boca,Cien,1.05,3.5,4056489424215,Kozmetika,1.05
Mallow Cake ,0092306,0.34,340g,Kart. na prekl.,McEnnedy,4.99,14.68,20453251,Hrana,4.39
Radler limun ,0092752,0.513,"0,5l",Limenka,Perlenbacher,0.75,1.5,4304493261426,Piæe,0.79
Šampon za kosu Professional SK1,0092853,0.267,250ml,PET-Boca,Cien,2.19,8.76,4056489235057,Kozmetika,2.19
Multivitaminski sok XXL,0093728,2.09,2l,Pakovanje,Solevita,2.49,1.25,20490317,Piæe,2.49
Kremasti kefir SK4,0094282,0.25,250g,Posudica,Pilos,0.99,3.96,20490577,Hrana,0.99
Kremasti kefir SK4,0094282,0.25,250g,Posudica,Pilos,0.99,3.96,4056489109655,Hrana,0.99
Èips SK1,0095463,0.2,200g,Vrecica,Sol&Mar,1.79,8.95,20491321,Hrana,1.79
Èips SK1,0095463,0.2,200g,Vrecica,Sol&Mar,1.79,8.95,20491338,Hrana,1.79
Voæni sok jabuka-višnja,0096016,2.075,"10x0,2l",Pakovanje,Solevita,3.59,1.8,20534981,Piæe,3.59
Predjelo na talijanski naèin,0096712,0.1,100g,Atmos-Pakiranje,Italiamo,3.39,33.9,20491598,Hrana,3.39
Zaèini za kavu SK3,0097017,0.09,90g,Limenka,Deluxe,1.79,19.89,20515133,Hrana,1.79
Zaèini za kavu SK3,0097017,0.09,90g,Limenka,Deluxe,1.79,19.89,20515140,Hrana,1.79
Alpska šunka narezana,0097072,0.08,80g,Atmos-Pakiranje,Italiamo,1.99,24.88,20491536,Hrana,1.99
Pizza Speciale XXL,0097152,0.99,3x330g,Kart. na prekl.,Trattoria Alfredo,6.59,6.66,4056489450900,Hrana,6.59
Pizza Mozzarella,0097153,0.335,335g,Kart. na prekl.,Trattoria Alfredo,2.49,7.43,4056489450917,Hrana,2.49
"Pizza Mozzarella XXL, 3 kom.",0097163,1.005,3x335g,Kart. na prekl.,Trattoria Alfredo,5.99,5.96,4056489889946,Hrana,5.99
Zaèinsko ulje SK7,0097277,0.12,125ml,Boca,Deluxe,1.89,15.12,20518868,Hrana,2.39
BO Croissant s pureæom hrenovkom,0097504,0.095,90g,Rasuto,,0.89,9.89,4052917954514,Hrana,0.89
Hrana za maèke premium SK16,0097851,1.2,12x100g,Kart. na prekl.,Coshida,4.19,3.49,4056489142607,Proizvodi za kuæanstvo,4.19
Parmigiano Reggiano SK1,0098191,0.1,100g,Vrecica,Italiamo,2.29,22.9,20516901,Hrana,2.29
Sladoled štapiæi ,0099214,0.528,16x60ml,Kart. na prekl.,Ballino,3.19,3.32,20568252,Hrana,3.19
Sladoled štapiæ van./èok. SK1,0099218,0.033,60ml,Pakovanje,Ballino,0.35,5.83,20301408,Hrana,0.29
Svježe cijeðeni sok od jabuke,0099270,1.046,1l,PET-Boca,Solevita,1.89,1.89,4304493261730,Hrana,1.89
o.b. Tamponi SK1,0099299,0.052,"54komad,64komad",Kart. na prekl.,,4.29,0.08,3574661128658,Proizvodi za kuæanstvo,4.29
o.b. Tamponi SK1,0099299,0.052,"54komad,64komad",Kart. na prekl.,,4.29,0.07,3574661128672,Proizvodi za kuæanstvo,4.29
o.b. Tamponi SK1,0099299,0.052,"54komad,64komad",Kart. na prekl.,,4.29,0.08,3574661130385,Proizvodi za kuæanstvo,4.29
o.b. Tamponi SK1,0099299,0.052,"54komad,64komad",Kart. na prekl.,,4.29,0.08,3574661322629,Proizvodi za kuæanstvo,4.29
o.b. Tamponi SK1,0099299,0.052,"54komad,64komad",Kart. na prekl.,,4.29,0.08,3574661582481,Proizvodi za kuæanstvo,4.29
Kuhana šunka XXL,0105639,0.25,250g,Atmos-Pakiranje,Dulano,3.19,12.76,4056489114703,Hrana,3.19
Suhe datulje bez koštica,0106493,0.25,250g,Plitica,Alesto,1.59,6.36,4056489167006,Hrana,1.59
Ciabatta s maslinama,0106578,0.28,255g,Rasuto,,0.99,3.88,20602673,Hrana,0.99
Milkshake SK4,0108408,0.243,230ml,Posudica,MCENNEDY,0.99,4.3,20573133,Hrana,0.99
Milkshake SK4,0108408,0.243,230ml,Posudica,MCENNEDY,0.99,4.3,20573140,Hrana,0.99
Tekuæi puder SK7,0111947,0.034,30ml,Tuba,Cien,2.89,2.89,4056489619864,Kozmetika,2.89
Tekuæi puder SK7,0111947,0.034,30ml,Tuba,Cien,2.89,2.89,4056489656845,Kozmetika,2.89
Maskara SK5,0112001,0.014,10ml,Pakovanje,Cien,2.25,2.25,20667962,Kozmetika,2.25
Maslac za usne SK10,0112665,0.008,"3,3ml",Pakovanje,Cien,2.49,2.49,20009502,Kozmetika,2.49
Maslac za usne SK10,0112665,0.008,"3,3ml",Pakovanje,Cien,2.49,2.49,20827731,Kozmetika,2.49
Maslac za usne SK10,0112665,0.008,"3,3ml",Pakovanje,Cien,2.49,2.49,20908836,Kozmetika,2.49
Maslac za usne SK10,0112665,0.008,"3,3ml",Pakovanje,Cien,2.49,2.49,20955069,Kozmetika,2.49
Tvrdi planinski sir SK1,0113436,0.2,200g,Pakovanje,Alpenfest,2.29,11.45,20643942,Hrana,2.29
BO Bagel pecivo sa sezamom,0113832,0.11,110g,Rasuto,,0.59,5.36,20683146,Hrana,0.59
Meki kravlji sir za peèenje,0114017,0.35,350g,Pakovanje,Eridanous,3.49,9.97,20907785,Hrana,2.69
Sirni namaz SK27,0115249,0.11,"100g,125g",Pakovanje,Alpenfest,1.89,18.9,20462369,Hrana,1.79
Sirni namaz SK27,0115249,0.11,"100g,125g",Pakovanje,Alpenfest,1.89,15.12,20476922,Hrana,1.79
Sirni namaz SK27,0115249,0.11,"100g,125g",Pakovanje,Alpenfest,1.89,18.9,20476939,Hrana,1.79
Grissini SK4,0116673,0.25,250g,Kart. na prekl.,Italiamo,1.79,7.16,20669409,Hrana,1.79
Kalamaki ražjniæi,0116900,0.42,420g,Kart. na prekl.,Eridanous,3.85,9.17,20669225,Hrana,3.85
Pizza sa salamom XXL,0117021,1.4,4x350g,Kart. na prekl.,Trattoria Alfredo,7.47,5.34,4056489889953,Hrana,7.47
Higijenski dnevni ulošci XXL,0117061,0.12,80komad,Kart. na prekl.,Siempre,1.99,0.02,20723712,Proizvodi za kuæanstvo,1.99
Vruæa èokolada na štapiæu SK2,0118894,0.06,60g,Pakovanje,Deluxe,1.59,26.5,20725310,Hrana,1.59
Turska gotova jela SK6,0119102,0.461,"275g,540g",Kart. na prekl.,1001 delights,3.29,11.96,20793210,Hrana,3.29
Turska gotova jela SK6,0119102,0.461,"275g,540g",Kart. na prekl.,1001 delights,3.29,6.09,20793210,Hrana,3.29
Humus SK44,0119131,0.2,200g,Plitica,Vitasia,1.39,6.95,4056489889809,Hrana,1.39
Bulgur Salata SK5,0119137,0.213,"200g,250g",Plitica,Chef Select,1.79,8.95,4056489008651,Hrana,1.79
Orijentalni zaèini SK1,0119146,0.074,"60g,65g,75g,80g,85g",Vrecica,1001 delights,1.19,1.83,20840013,Hrana,1.19
Orijentalni zaèini SK1,0119146,0.074,"60g,65g,75g,80g,85g",Vrecica,1001 delights,1.19,1.83,20840037,Hrana,1.19
Orijentalni zaèini SK1,0119146,0.074,"60g,65g,75g,80g,85g",Vrecica,1001 delights,1.19,1.83,20840051,Hrana,1.19
Orijentalni zaèini SK1,0119146,0.074,"60g,65g,75g,80g,85g",Vrecica,1001 delights,1.19,1.83,4056489936541,Hrana,1.19
Orijentalni zaèini SK1,0119146,0.074,"60g,65g,75g,80g,85g",Vrecica,1001 delights,1.19,1.49,4056489936541,Hrana,1.19
Orijentalni zaèini SK1,0119146,0.074,"60g,65g,75g,80g,85g",Vrecica,1001 delights,1.19,1.59,4056489936565,Hrana,1.19
Orijentalni zaèini SK1,0119146,0.074,"60g,65g,75g,80g,85g",Vrecica,1001 delights,1.19,1.49,4056489936589,Hrana,1.19
Orijentalni zaèini SK1,0119146,0.074,"60g,65g,75g,80g,85g",Vrecica,1001 delights,1.19,1.83,4056489936596,Hrana,1.19
Mini uskršnje figure SK3,0119495,0.125,125g,Limenka,Favorina,1.99,15.92,20759896,Hrana,1.99
Bio mahunarke SK3,0119562,0.5,500g,Samost.vreca,Golden Sun,1.99,3.98,20760106,Hrana,1.99
Bio mahunarke SK3,0119562,0.5,500g,Samost.vreca,Golden Sun,1.99,3.98,4335619062382,Hrana,1.99
Zeleni èaj UTZ SK21,0119798,0.044,"25x1,75g",Kart. na prekl.,Lord Nelson,1.29,1.29,20097004,Piæe,1.29
Zeleni èaj UTZ SK21,0119798,0.044,"25x1,75g",Kart. na prekl.,Lord Nelson,1.29,1.29,20884185,Piæe,1.29
Bulgur,0123256,0.5,500g,Kart. na prekl.,1001 delights,1.39,2.78,4056489640868,Hrana,1.39
Emmentaler komad,0124435,0.4,400g,Pakovanje,Milbona,3.99,9.98,20691660,Hrana,3.99
"Filet lososa s kožom, cca. 200-400g",0124551,1,ca. 200-400g,Pakovanje,-,19.99,19.99,2845517000000,Hrana,19.99
Makovnjaèa,0127581,0.3,295g,Rasuto,,2.19,7.42,20903480,Hrana,2.19
Makovnjaèa,0127581,0.3,295g,Rasuto,,2.19,7.42,4334035166780,Hrana,2.19
Long Lasting gel lak za nokte,0128296,0.011,11ml,Boca,Cien Beauty,1.09,1.09,20979188,Kozmetika,1.09
Glossy Gel Lak za nokte SK18,0128299,0.011,11ml,Boca,Cien Beauty,1.15,1.15,4056489269779,Kozmetika,1.15
Glossy Gel Lak za nokte SK18,0128299,0.011,11ml,Boca,Cien Beauty,1.15,1.15,4056489750093,Kozmetika,1.15
Glossy Gel Lak za nokte SK18,0128299,0.011,11ml,Boca,Cien Beauty,1.15,1.15,4335619077218,Kozmetika,1.15
Choco duo namaz XXL,0128542,1,1000g,PET-Boca,Mister Choc,3.69,3.69,20918347,Hrana,3.69
Veganska pizza SK1,0129141,0.37,"350g,390g",Kart. na prekl.,Vemondo,1.59,4.54,20936549,Hrana,1.59
Folija za održavanje svježine,0131726,0.132,50m,Pakovanje,Aromata,1.15,1.15,20991357,Proizvodi za kuæanstvo,1.15
Vreæice za zamrzavanje [50µ] SK2,0131735,0.127,"15komad,20komad",Pakovanje,Aromata,1.85,0.12,20991319,Proizvodi za kuæanstvo,1.85
Bio voæna kašica SK1,0131920,0.36,4x90g,Kart. na prekl.,Lupilu,1.99,5.53,20995584,Hrana,1.99
"Bio kašica krumpir, mrkva i pilet. ",0131926,0.19,190g,Staklo,Lupilu,0.99,5.21,20995652,Hrana,0.99
Bio Penne Rigate,0131932,0.5,500g,Vrecica,Combino,1.59,3.18,20995751,Hrana,1.59
Bio kašica laku noæ keks,0131983,0.19,190g,Staklo,Lupilu,1.05,5.53,20995829,Hrana,1.05
Bio kokosovo ulje,0132302,0.414,450ml,Staklo,Vita D'or,3.69,8.2,20998141,Hrana,3.69
Kolutiæi od kozica Sweet-Chili umak,0132723,0.27,300g,Kart. na prekl.,Deluxe,5.39,17.97,4056489323129,Hrana,5.39
Sušene rajèice SK1,0132790,0.1,100g,Vrecica,Italiamo,2.19,21.9,20089405,Hrana,2.19
Sušene rajèice SK1,0132790,0.1,100g,Vrecica,Italiamo,2.19,21.9,20089412,Hrana,2.19
Peèena paprika u kiselom naljevu,0132999,0.65,720ml,Staklo,1001 delights,2.49,6.23,40874753,Hrana,2.49
Pomfrit od batata,0135175,0.5,500g,Vrecica,Harvest Basket,2.99,5.98,20918712,Hrana,2.99
Trgana piletina SK6,0135276,0.55,550g,Kart. na prekl.,Vitasia,5.99,10.89,4056489904786,Hrana,5.1
Losion za bebe,0135360,0.491,500ml,PET-Boca,Lupilu,2.65,5.3,20018870,Kozmetika,2.65
Pacifièke kozice u umaku SK12,0135387,0.1,100g,Sortirano,Vitasia,2.69,26.9,4056489107866,Hrana,2.69
Pacifièke kozice u umaku SK12,0135387,0.1,100g,Sortirano,Vitasia,2.69,26.9,4056489237525,Hrana,2.69
Tablete za strojno pranje posuða,0135958,0.9,60x15g,Pakovanje,W5,5.29,5.88,20058784,Sredstva za èišæenje,5.29
Mild Instant kava,0136031,0.2,200g,Staklo,Bellarom,5.79,28.95,20543983,Piæe,5.79
Tekuæi det. za pr. rublja SK1 27pr.,0136086,1.53,"1,485l",PET-Boca,Formil,3.85,0.14,40893334,Sredstva za èišæenje,3.85
Jednokratne rukavice SK3,0136355,0.373,100komad,Kart. na prekl.,W5,5.99,0.06,20089351,Proizvodi za kuæanstvo,5.99
Jednokratne rukavice SK3,0136355,0.373,100komad,Kart. na prekl.,W5,5.99,0.06,4056489697213,Proizvodi za kuæanstvo,5.99
Prirodni šampon za  kosu SK1,0136845,0.3,300ml,PET-Boca,Cien,1.79,5.97,4056489254737,Kozmetika,1.79
Craft pivo SK1,0137230,0.5,"0,5l",Limenka,-,1.39,2.78,4054500140922,Piæe,1.29
Baby pelene gaæice Junior,0139323,0.68,20komad,Pakovanje,Lupilu,4.75,0.24,4056489352334,Proizvodi za kuæanstvo,4.75
Sladilo u tabletama bez laktoze,0139500,0.072,72g,Dozator,Belbake,1.39,19.31,4056489008095,Hrana,1.39
Fontal u komadu 45%,0139568,0.4,400g,Pakovanje,Milbona,4.15,10.38,4056489008149,Hrana,Nije_bilo_u_prodaji_02.05.2025
Zeleni èaj RFA SK1,0140030,0.044,"25x1,75g",Kart. na prekl.,Vitasia,1.09,1.09,4056489009863,Piæe,0.99
Gumeni kiseli medvjediæi,0140137,0.3,300g,Vrecica,Sugarland,1.79,5.97,20248888,Hrana,1.79
Riblji tapas s umakom SK7,0140211,0.1,100g,Atmos-Posudica,Vitasia,2.49,24.9,20249465,Hrana,2.49
Riblji tapas s umakom SK7,0140211,0.1,100g,Atmos-Posudica,Vitasia,2.49,24.9,20249472,Hrana,2.49
Riblji tapas s umakom SK7,0140211,0.1,100g,Atmos-Posudica,Vitasia,2.49,24.9,4056489167327,Hrana,2.49
Hrana za pse SK1,0141357,0.4,4x100g,Pakovanje,Orlando Pure Taste,2.49,6.23,20305673,Proizvodi za kuæanstvo,2.39
Maslinovo ulje SK4,0141884,0.458,500ml,Boca,Primadonna,3.99,7.98,4056489017479,Hrana,5.79
Mlj. èok. s raznim punjenjem SK1,0144007,0.299,"295g,300g",Tabla,Fin Carré,4.49,15.22,4056489030010,Hrana,4.49
Mlj. èok. s raznim punjenjem SK1,0144007,0.299,"295g,300g",Tabla,Fin Carré,4.49,15.22,4056489030041,Hrana,4.49
Mlj. èok. s raznim punjenjem SK1,0144007,0.299,"295g,300g",Tabla,Fin Carré,4.49,14.97,4056489030041,Hrana,4.49
Sardina u suncokretovom ulju,0144303,0.375,3x125g,Kart. na prekl.,Nixe,2.99,7.97,20413217,Hrana,2.99
Deterdžent za rublje 100pr SK1,0144674,5.05,5l,PET-Boca,Maxitrat,9.99,0.1,20083649,Sredstva za èišæenje,9.99
Pizza s gljivama,0145265,0.365,365g,Kart. na prekl.,Trattoria Alfredo,2.49,6.82,4056489451112,Hrana,2.49
Pico Pizzi Halloween ,0145819,0.36,360g,Kart. na prekl.,Halloween,3.39,9.42,4056489095835,Hrana,3.39
Kranjska kobasica XXL,0146049,0.9,900g,Vakumir. pakov.,Grillmeister,7.99,8.88,4056489100256,Hrana,7.99
Kranjska kobasica XXL,0146049,0.9,900g,Vakumir. pakov.,Grillmeister,7.99,8.88,4335619063587,Hrana,7.99
Komadiæi ananasa u vl.soku ATG 340g,0146077,0.565,580ml,Limenka,Freshona,1.89,5.56,4056489100553,Hrana,1.89
Kimchi (OM 110g),0148315,0.19,215ml,Staklo,Vitasia,1.49,13.55,4056489152903,Hrana,1.49
Mljeveni orasi,0148438,0.2,200g,Vrecica,Belbake,1.99,9.95,4056489156628,Hrana,1.99
Francuski specijaliteti SK1,0148724,0.08,80g,Atmos-Pakiranje,French Style,2.69,33.63,4056489168065,Hrana,2.69
Suho voæe Mango,0148837,0.1,100g,Vrecica,Alesto,2.59,25.9,4056489150213,Hrana,2.59
Rižini rezanci,0149146,0.2,200g,Vrecica,Vitasia,0.99,4.95,4056489181293,Hrana,0.99
Hrana za maèke SK1,0149266,0.085,85g,Plitica,Coshida,0.69,8.12,4056489182078,Proizvodi za kuæanstvo,0.69
Loptice svježi sir SK1,0149574,0.24,240g,Staklo,Deluxe,2.69,11.21,4056489186519,Hrana,2.69
"Orašasti plodovi, kandirani SK3",0150218,0.2,200g,Vrecica,Alpenfest,2.19,10.95,4056489201793,Hrana,2.19
Mljevena slatka paprika,0150480,0.1,100g,Vrecica,Kania,0.89,8.9,4056489207665,Hrana,0.85
High Protein puding SK18,0150741,0.2,200g,Posudica,Milbona,0.99,4.95,4056489216155,Hrana,0.99
Dezodorans SK16,0150788,0.053,50ml,PET-Boca,Cien,1.05,21,20918910,Kozmetika,1.05
Dezodorans SK16,0150788,0.053,50ml,PET-Boca,Cien,1.05,21,4056489643623,Kozmetika,1.05
Dezodorans SK16,0150788,0.053,50ml,PET-Boca,Cien,1.05,21,4335619175518,Kozmetika,1.05
High protein jogurt SK4,0150828,0.2,200g,Posudica,Milbona,0.99,4.95,4056489467953,Hrana,0.99
Steakhouse pomfrit WS SK1,0150995,0.75,750g,Vrecica,MCENNEDY,2.79,3.72,4056489222903,Hrana,2.79
Tek. det. za pranje osj. rublja SK3,0151363,1.521,"1,5l",PET-Boca,Formil,3.75,2.5,4056489441717,Sredstva za èišæenje,3.75
Zaèini SK1,0154517,0.127,"100g,120g,140g,130g",Limenka,Kania,1.69,14.08,4056489279433,Hrana,1.69
Zaèini SK1,0154517,0.127,"100g,120g,140g,130g",Limenka,Kania,1.69,13,4056489279440,Hrana,1.69
Zaèini SK1,0154517,0.127,"100g,120g,140g,130g",Limenka,Kania,1.69,14.08,4056489279457,Hrana,1.69
Mljeveni kajenski papar / Chili,0154545,0.045,45g,Staklo,Kania,0.99,0.99,4056489411888,Hrana,0.99
Pasta za peèenje SK2,0154765,0.05,50g,Tuba,Belbake,2.59,51.8,4056489289432,Hrana,3.29
Tuna u masl. ulju Yellowfin (3x52g),0154825,0.21,3x70g,Limenka,Nixe,2.99,19.17,4056489698487,Hrana,2.99
Bio Müsli SK13,0155017,0.5,500g,Kart. na prekl.,Crownfield,4.29,8.58,4056489296805,Hrana,4.29
Spužva za pranje posuða SK3,0155075,0.056,6komad,Traka,W5,0.75,0.13,4056489865025,Proizvodi za kuæanstvo,0.75
Ketchup,0155908,0.55,500ml,PET-Boca,Kania,1.45,2.9,4056489306078,Hrana,1.45
Losos u lisnatom SK1,0156223,0.7,700g,Kart. na prekl.,Deluxe,8.69,12.41,4056489314752,Hrana,8.69
Sredstvo za èišæenje sa spužvom SK1,0156905,0.425,"300g,400g,500g",Limenka,W5,2.39,7.97,4056489322856,Sredstva za èišæenje,2.39
Umaci SK1,0156969,0.2,200g,Pakovanje,Let's have a party!,1.09,5.45,4056489322900,Hrana,1.09
Cookie Dough SK3,0157167,0.06,60g,Posudica,MCENNEDY,0.93,15.5,4056489406310,Hrana,0.93
WC Osvježivaè 2x48g SK10,0157484,0.096,2x48g,Pakovanje,W5,1.55,16.15,4056489186847,Sredstva za èišæenje,1.45
WC Osvježivaè 2x48g SK10,0157484,0.096,2x48g,Pakovanje,W5,1.55,16.15,4056489339298,Sredstva za èišæenje,1.45
Hrana za pse SK1,0157519,0.415,415g,Limenka,Orlando,0.99,2.39,4056489330455,Proizvodi za kuæanstvo,0.99
Hrana za pse SK1,0157519,0.415,415g,Limenka,Orlando,0.99,2.39,4056489330462,Proizvodi za kuæanstvo,0.99
Tekuæi osvježivaè zraka SK1,0157563,0.019,2x4ml,Blister,W5,1.39,173.75,4056489330684,Sredstva za èišæenje,1.39
Multifunkcionalni uljni sprej,0157588,0.321,500ml,Limenka,W5,2.29,4.58,4056489496748,Sredstva za èišæenje,2.29
Spaghetti od leæe SK1,0162210,0.5,500g,Vrecica,Combino,3.39,6.78,4056489206835,Hrana,3.39
Veganski muffin èokolada,0162266,0.36,360g,Pakovanje,Vemondo,2.59,7.19,4056489436478,Hrana,2.59
Smarties muffin,0162731,0.12,4x30g,Kart. na prekl.,,3.29,27.42,7613036158909,Hrana,3.29
Smarties muffin,0162731,0.12,4x30g,Kart. na prekl.,,3.29,27.42,7613287523396,Hrana,3.29
TK Veganski odrezak u cornf. panadi,0162914,0.3,300g,Kart. na prekl.,Vemondo,2.59,8.63,4056489442370,Hrana,2.59
Veganski mozzarella štapiæi,0162922,0.25,250g,Kart. na prekl.,Vemondo,1.99,7.96,4056489442431,Hrana,1.99
Vafli s 32% svježih jaja XXL,0163106,0.335,335g,Pakovanje,Confiserie Firenze,1.99,5.94,4056489443728,Hrana,1.99
Vafli s 32% svježih jaja XXL,0163106,0.335,335g,Pakovanje,Confiserie Firenze,1.99,5.94,4335619014978,Hrana,1.99
Jednokratna britvica,0163333,0.057,10komad,Vrecica,Cien MEN,1.59,0.16,4056489869917,Kozmetika,1.59
Èips,0163949,0.15,150g,Vrecica,Snack Day,1.19,7.93,4335619174320,Hrana,1.19
Kompletna hrana za maèke SK20,0164210,0.415,415g,Limenka,Coshida,0.89,2.14,20103125,Proizvodi za kuæanstvo,0.89
Veganska gotova jela SK6,0164813,0.6,600g,Vrecica,Vemondo,3.79,6.32,20934156,Hrana,3.79
Salama specijaliteti SK1,5006858,0.1,100g,Atmos-Pakiranje,Alpenfest,1.99,19.9,4056489055082,Hrana,1.99
Izbor narezaka,5010114,0.21,210g,Atmos-Pakiranje,Alpenfest,2.39,11.38,4056489630005,Hrana,2.39
L.Casei Active Drink SK1,5010625,0.4,4x100g,Pakovanje,Milbona,1.35,3.38,4056489861904,Hrana,1.35
Tilsiter komad OG,5010999,0.4,400g,Pakovanje,Milbona,4.69,11.73,4056489862338,Hrana,4.69
Cheddar,5200742,0.25,250g,Pakovanje,Milbona,2.99,11.96,20575205,Hrana,2.99
Cake Angels Ukrasi za tortu SK2,5202468,0.113,"102g,113g,123g",Posudica,,2.59,21.06,5030101027922,Hrana,3.29
Cake Angels Ukrasi za tortu SK2,5202468,0.113,"102g,113g,123g",Posudica,,2.59,22.92,5030101027946,Hrana,3.29
Žitne pahuljice SK3,5501912,0.25,250g,Vrecica,Crownfield,1.69,6.76,20290443,Hrana,1.69
Jogurt grèkog tipa 10% m.m.,5502370,0.4,400g,Posudica,Pilos,0.85,2.13,20761776,Hrana,1.39
"Voæni jogurt 2,8% s dražejama SK1",5502699,0.135,135g,Posudica,Pilos,0.65,4.81,20159436,Hrana,0.65
Riblji namaz SK6,5502752,0.08,80g,Posudica,Chef Select,0.89,11.13,20857622,Hrana,0.89
Prašak za puding SK8,5502873,0.042,"40g,45g",Vrecica,Belbake,0.22,0.22,20179397,Hrana,0.22
"Keksi za doruèak SK2, RFA",5503313,0.3,300g,Kart. na prekl.,Tastino,2.19,7.3,20690281,Hrana,2.19
Mini salame XXL SK1,5505447,0.15,150g,Atmos-Pakiranje,Pikok,1.69,11.27,20762698,Hrana,1.69
Sapun SK1,5505651,0.1,100g,Pakovanje,Cien,0.59,5.9,20761646,Kozmetika,0.59
Sapun SK1,5505651,0.1,100g,Pakovanje,Cien,0.59,5.9,20761653,Kozmetika,0.59
Osvježivaè zraka SK4,5507867,0.425,425g,PET-Boca,W5,1.69,3.98,20931599,Sredstva za èišæenje,1.69
"Šam., gel i kupka 3u1 SK6",5516395,0.515,500ml,PET-Boca,Cien,1.69,3.38,20014247,Kozmetika,1.69
"Šam., gel i kupka 3u1 SK6",5516395,0.515,500ml,PET-Boca,Cien,1.69,3.38,20014292,Kozmetika,1.69
"Šam., gel i kupka 3u1 SK6",5516395,0.515,500ml,PET-Boca,Cien,1.69,3.38,4335619008335,Kozmetika,1.69
Mirisne luèice SK7 ,5519199,0.214,18komad,Pakovanje,-,1.59,0.09,4053216082694,Proizvodi za kuæanstvo,1.59
Mirisne luèice SK7 ,5519199,0.214,18komad,Pakovanje,-,1.59,0.09,4056489535980,Proizvodi za kuæanstvo,1.59
Mirisne luèice SK7 ,5519199,0.214,18komad,Pakovanje,-,1.59,0.09,4056489536017,Proizvodi za kuæanstvo,1.59
Mirisne luèice SK7 ,5519199,0.214,18komad,Pakovanje,-,1.59,0.09,4056489662136,Proizvodi za kuæanstvo,1.59
Mirisne luèice SK7 ,5519199,0.214,18komad,Pakovanje,-,1.59,0.09,4335619141346,Proizvodi za kuæanstvo,1.59
"Vreæe za smeæe, 60L ",5520162,0.167,18komad,Traka,Purio,1.09,0.06,20142957,Proizvodi za kuæanstvo,1.09
"Vreæe za smeæe s vezicom, 35L",5520164,0.152,15komad,Traka,Purio,0.89,0.06,20142988,Proizvodi za kuæanstvo,0.89
Sapun iz Provanse SK10,5603194,0.1,100g,Pakovanje,Duc de Coeur,0.79,7.9,3511720126019,Kozmetika,0.79
Sapun iz Provanse SK10,5603194,0.1,100g,Pakovanje,Duc de Coeur,0.79,7.9,4056489566298,Kozmetika,0.79
Dimljena kobasica s èešnjakom,5604299,0.3,300g,Vakumir. pakov.,Spécialités françaises,1.99,6.63,20711269,Hrana,1.99
Paella s morskim plodovima,5609810,0.454,454g,Vrecica,Sol&Mar,3.29,7.25,4056489041023,Hrana,3.29
Salama iz Provanse,5615417,0.25,250g,Atmos-Pakiranje,French Style,3.39,13.56,4056489613503,Hrana,3.39
Zelene masline s košticama ATG 570g,5700142,0.995,996ml,Staklo,Sol&Mar,5.49,9.63,20035938,Hrana,5.49
"Salama Chorizo, narezana",5700179,0.2,2x100g,Atmos-Posudica,Sol&Mar,2.49,12.45,20073107,Hrana,2.49
"Salama Salchichón, narezana",5700180,0.2,2x100g,Atmos-Posudica,Sol&Mar,2.49,12.45,20332082,Hrana,2.49
Masline bez koštica SK1,5700192,0.34,370ml,Staklo,Baresa,1.39,8.69,20443375,Hrana,1.39
Suha hrana za pse ,5700250,4,4kg,Vrecica,Orlando,6.99,1.75,20495763,Proizvodi za kuæanstvo,6.99
Fileti tune Ventresca SK2,5713976,0.11,110g,Vakumir. pakov.,Deluxe,3.89,35.36,4056489511526,Hrana,3.89
Mirisni štapiæi za prostor SK11,5717281,0.046,50ml,Boca,W5,1.69,33.8,4056489801443,Sredstva za èišæenje,1.69
Omega 3 Kapsule,5717400,0.043,60komad,Pakovanje,Optisana,4.49,0.07,4056489749011,Hrana,4.49
Puding vanilija High protein,5717829,0.5,4x125g,Posudica,Milbona,1.99,3.98,4056489801788,Hrana,1.99
Fuet SK1,5719775,0.15,150g,Kart. na prekl.,Deluxe,2.15,14.33,4335619074460,Hrana,2.15
Miris za dom Španjolska SK1,5720543,0.088,90ml,Pakovanje,,3.49,38.78,4335619107670,Sredstva za èišæenje,3.49
Bio napitak od soje vanilija,5910876,1.03,1l,Pakovanje,Vemondo,1.69,1.69,4056489695394,Hrana,1.69
Svj. tjestenina Tagliatelle/Bigoli,6000207,0.25,250g,Atmos-Posudica,Italiamo,1.39,5.56,20277314,Hrana,1.39
Soufflé bijela èokolada SK2,6008861,0.2,2x100g,Pakovanje,Deluxe,2.42,12.1,20850050,Hrana,2.42
Kakao desert,6009230,0.18,6x30g,Kart. na prekl.,Milbona,1.79,9.94,4056489098683,Hrana,1.79
Depilacijske trake SK4,6009602,0.057,"16komad,32komad,40komad",Kart. na prekl.,Cien,1.99,0.05,4056489523550,Kozmetika,1.99
Tjestenina od jaja XXL SK3,6012471,0.3,300g,Atmos-Posudica,Chef Select,1.39,4.63,20849931,Hrana,1.39
Culurgiones s vrganjima,6012999,0.3,300g,Atmos-Posudica,Deluxe,1.75,5.83,4056489469575,Hrana,1.75
Mini ravioli SK1,6013309,0.25,250g,Atmos-Posudica,Deluxe,1.69,6.76,4056489347187,Hrana,1.69
"Focaccia losos, mozz., stracciat.",6013493,0.33,330g,Pakovanje,Deluxe,4.59,13.91,4056489523857,Hrana,4.59
Dim Sum SK1,6014262,0.2,200g,Atmos-Posudica,Vitasia,1.99,9.95,4056489631491,Hrana,1.68
Pikantni sojini rezanci sa svinjet.,6014331,0.2,200g,Atmos-Posudica,Vitasia,2.29,11.45,4056489631910,Hrana,2.29
Gorgonzola s maskarp./pist.,6014971,0.17,170g,Atmos-Pakiranje,Deluxe,2.99,17.59,4056489720508,Hrana,2.99
Ricotta di Bufala,6015308,0.095,95g,Posudica,Italiamo,0.65,6.84,4056489721710,Hrana,0.65
Torroncini SK4,6016081,0.16,160g,Vrecica,Italiamo,2.79,17.44,20489083,Hrana,2.79
Torroncini SK4,6016081,0.16,160g,Vrecica,Italiamo,2.79,17.44,20489090,Hrana,2.79
Gorgonzola s mascarponeom,6016270,0.17,170g,Atmos-Pakiranje,Deluxe,2.99,17.59,4056489797784,Hrana,2.99
Burger s leæom i špinatom,6017082,0.16,2x80g,Atmos-Posudica,Vemondo,2.09,13.06,4335619023345,Hrana,2.09
Semifredo slana karamela,6017230,0.065,65g,Plitica,Deluxe,1.41,21.69,4335619027428,Hrana,1.41
Svježa punjena tjesteina SK73,6017655,0.25,250g,Atmos-Posudica,Deluxe,1.69,6.76,4056489891321,Hrana,1.69
Stolno crno vino,6402930,2,2l,PET-Boca,-,2.99,1.5,4304493256781,Piæe,2.99
Pecivo s nadjevom od cimeta,6403546,0.07,65g,Rasuto,,0.25,3.85,4334035677163,Hrana,0.25
Voæni prutiæi SK12,6403632,0.15,5x30g,Pakovanje,Alesto,1.99,13.27,20755249,Hrana,1.99
Bucatini s jajima,6403654,0.5,500g,Vrecica,Combino,1.29,2.58,20756710,Hrana,1.29
"Sir Trapist, bez laktoze",6403815,0.125,125g,Pakovanje,Pilos,1.89,15.12,20755553,Hrana,1.89
Sendviè SK1,6404760,0.2,"170g,220g",Pakovanje,Chef Select,2.19,9.95,20948740,Hrana,2.19
Knedle s lješnjak kremom,6404847,0.6,600g,Pakovanje,Culinea,3.19,5.32,20948184,Hrana,3.19
"Multivit. piæe s hibiskusom 12,5%",6405200,1.5,"1,5l",PET-Boca,-,1.39,0.93,4304493258990,Piæe,1.39
Posebna salama od mesa peradi SK1,6406333,0.5,500g,Stanga,Pikok,1.59,3.18,4056489271284,Hrana,1.59
Müsli ploèice s kakaom i kokosom,6700647,0.03,30g,Pakovanje,First Nice,0.29,0.29,20123543,Hrana,0.29
Müsli ploèice naranèa,6700656,0.035,35g,Pakovanje,First Nice,0.2,0.2,20190637,Hrana,0.2
Mesna rolada XXL SK1,6701633,0.625,625g,Vakumir. pakov.,Pikok,1.99,3.18,20493639,Hrana,1.99
Dragee's SK9,6703020,0.016,16g,Pakovanje,Amanie,0.35,0.35,20672799,Hrana,0.39
Sirni desert SK2,6707255,0.125,125g,Vrecica,Pilos,0.99,7.92,4056489065074,Hrana,0.99
Sladoled štapiæ malina,6708799,0.075,110ml,Pakovanje,Gelatelli,1.29,11.73,4056489196198,Hrana,1.29
High Protein Èips SK1,6710331,0.04,40g,Pakovanje,,1.49,37.25,8594197510234,Hrana,1.49
Zobene pahuljice zrnate,6711552,0.5,500g,Vrecica,Crownfield,0.79,1.58,4056489413455,Hrana,0.79
Èajna kobasica,6900372,0.5,500g,Vakumir. pakov.,Pikok,5.69,11.38,4056489925903,Hrana,5.49
PPK Pašteta SK1,6900387,0.1,100g,Posudica,,0.69,6.9,3858881615069,Hrana,0.69
"Ražnjiæi marinirani, cca. 450g",6900408,1,ca. 450g,Atmos-Pakiranje,Naša mesnica,8.99,8.99,2874271000000,Hrana,8.99
Buðola,6900635,1,ca. 600g,Vakumir. pakov.,Okusi zavièaja,19.69,19.69,2838720000000,Hrana,19.69
Lino Lada Namaz Duo,6900735,0.4,400g,Staklo,,3.99,9.98,3850104019784,Hrana,3.99
Podravka Goveða juha s tjesteninom,6900740,0.065,65g,Vrecica,,0.99,15.23,3850104003134,Hrana,0.99
Dolcela Puding SK1,6900762,0.156,"4x37g,4x45g",Vrecica,,2.09,11.61,3850104244100,Hrana,2.09
Dolcela Puding SK1,6900762,0.156,"4x37g,4x45g",Vrecica,,2.09,14.12,3850104276507,Hrana,2.09
Fant Fix Grah i Variva umak,6900769,0.06,60g,Vrecica,,1.39,23.17,3850104075759,Hrana,1.39
Naturavita Uvin H èaj,6900808,0.03,30g,Kart. na prekl.,,1.99,1.99,3858884090641,Piæe,1.99
Baby vlažne maramice SK2,6900999,0.12,20komad,Pakovanje,Lupilu,0.59,0.03,20660444,Proizvodi za kuæanstvo,0.59
"Dalmatinski mix, narezak",6901421,0.3,300g,Atmos-Pakiranje,NOSTJA,6.29,20.97,20778637,Hrana,6.29
Franck Zeleni èaj,6901466,0.035,35g,Pakovanje,,2.19,2.19,3858881083752,Piæe,2.19
Mentol bomboni SK1,6901559,0.1,100g,Vrecica,Amanie,0.59,5.9,20778927,Hrana,0.59
Èips slani XXL,6901621,0.3,300g,Vrecica,Snack Day,1.59,5.3,20779412,Hrana,1.59
Tamna èokolada s rižom,6901686,0.2,200g,Tabla,Fin Carré,3.79,18.95,20779610,Hrana,3.79
"Havana 3 Years Old Rum, 37,5%",6901710,0.7,"0,7l",Boca,,16.15,23.07,8501110088831,Piæe,16.15
XXL Napolitanke SK1,6901721,1,1000g,Vrecica,Tastino,2.69,2.69,20779658,Hrana,2.69
Bijele/kokos èokoladne kuglice,6901734,0.08,80g,Vrecica,Mister Choc,0.89,11.13,20779696,Hrana,0.89
Kinder Surprise 3x20g,6901863,0.06,3x20g,Pakovanje,,3.49,58.17,5905408021013,Hrana,3.49
"Violeta Baby vlažne maramice, 3x56",6901868,0.962,3x56komad,Pakovanje,,4.79,1.6,3870128012882,Proizvodi za kuæanstvo,4.79
Palenta kukuruzna krupica XXL,6901921,0.75,750g,Vrecica,Okusi zavièaja,0.69,0.92,20780364,Hrana,0.69
Svježi sir XXL,6901957,1,1kg,Posudica,Okusi zavièaja,2.89,2.89,20780586,Hrana,2.89
Nutella,6901980,0.75,750g,Staklo,,5.49,7.32,80176800,Hrana,5.49
"Rosal Lip Balm SK1, 4,8g",6902002,0.005,"4,8g",Pakovanje,,0.99,0.99,3856007908576,Kozmetika,0.99
"Rosal Lip Balm SK1, 4,8g",6902002,0.005,"4,8g",Pakovanje,,0.99,0.99,3856007909108,Kozmetika,0.99
Bobi Flips ,6902025,0.09,90g,Vrecica,,0.65,7.22,3858891590042,Hrana,0.65
"Löwenbräu Svijetlo pivo 4,0%",6902038,0.5,"0,5l",Limenka,,0.8,1.6,3850131310007,Piæe,0.8
Capo pinca,6902100,0.4,400g,Vrecica,,1.59,3.98,3859890108702,Hrana,1.59
Široki rezanci s jajima,6902115,0.4,400g,Vrecica,Okusi zavièaja,1.29,3.23,4056489317111,Hrana,1.29
Roštilj kobasice SK4,6902126,0.44,440g,Vakumir. pakov.,Grill&Fun,3.49,7.93,20780012,Hrana,3.49
"Cabernet&Syrah, kval. crno vino ",6902127,0.75,"0,75l",Boca,Winemakers of Croatia,3.98,5.31,4304493259324,Piæe,3.98
Kiselo vrhnje 12% m.m.,6902132,0.4,400g,Posudica,Pilos,1.45,3.63,20781019,Hrana,1.45
Kraš Lilly Vanilin keksi,6902158,0.22,220g,Kart. na prekl.,,1.79,8.14,3850120700055,Hrana,1.79
Kraš Lilly Vanilin keksi,6902158,0.22,220g,Kart. na prekl.,,1.79,8.14,3870450001691,Hrana,1.79
Kraš Bajadera,6902164,0.2,200g,Kart. na prekl.,,7.99,39.95,3850102230044,Hrana,7.99
Kraš Ki-Ki voæna karamela ,6902166,0.1,100g,Pakovanje,,1.29,12.9,3850102014507,Hrana,1.29
Kraš Ki-Ki voæna karamela ,6902166,0.1,100g,Pakovanje,,1.29,12.9,3850102214839,Hrana,1.29
Zvijezda Ketchup ljuti,6902239,0.5,500g,Pakovanje,,1.39,2.78,3858882210898,Hrana,1.39
Gurmanski æevapèiæi,6902265,0.5,500g,Atmos-Pakiranje,Naša mesnica,4.59,9.18,20781187,Hrana,4.59
"Puèka kobasica, 750g",6902319,0.75,750g,Vakumir. pakov.,Pikok,4.69,6.25,4056489612025,Hrana,4.69
"Mlada teletina za peèenje, cca. 2kg",6902353,1,cca. 2kg,Atmos-Pakiranje,Naša mesnica,8.59,8.59,2894690000000,Hrana,9.99
Faks Deterdžent za pranje rublja,6902386,5.2,"5,2kg",Vrecica,,13.49,0.17,3850105162557,Sredstva za èišæenje,13.49
"Dimljena svinjska rebra, cca. 700g",6902571,1,ca. 700g,Vakumir. pakov.,Pikok,7.96,7.96,2803054000000,Hrana,7.96
"Dimljena svinjska rebra, cca. 700g",6902571,1,ca. 700g,Vakumir. pakov.,Pikok,7.96,7.96,2881480000000,Hrana,7.96
Jana Vitamin Immuno,6902594,1.5,"1,5l",PET-Boca,,1.79,1.19,3858890873085,Piæe,1.79
Grah bijeli,6902631,1,ca. 1kg,Rasuto,,2.49,2.49,8671020200026,Hrana,2.49
"TK Patago. tube i krakovi, ATG 360g",6902652,0.4,400g,Kart. na prekl.,Ocean Sea,6.49,18.03,40894348,Hrana,6.49
Jadro Napolitanke,6902658,0.43,430g,Pakovanje,,3.19,7.42,3850120295438,Hrana,3.19
Kinder Schoko-Bons,6902672,0.2,200g,Pakovanje,,3.69,18.45,5413548283128,Hrana,3.69
Libresse Maxi Night wing hig.ulošci,6902680,0.11,10komad,Pakovanje,,1.99,0.2,7310790088403,Proizvodi za kuæanstvo,1.99
Teleæi odresci iz buta,6902690,0.45,450g,Atmos-Pakiranje,Naša mesnica,6.99,15.53,40894416,Hrana,8.99
"Gabriel, 100% mladi kozji sir",6902703,0.25,250g,Vakumir. pakov.,,4.69,18.76,3859892805012,Hrana,4.69
Euro-Milk Dragec Sir SK1,6902724,0.225,225g,Pakovanje,,2.75,12.22,3859889770620,Hrana,2.75
Pileæa posebna XXL,6902781,1.25,1250g,Pakovanje,Pikok,2.69,2.15,20781231,Hrana,2.69
"Panceta, cca. 350g",6902818,1,ca. 350g,Vakumir. pakov.,Okusi zavièaja,11.9,11.9,2809100000000,Hrana,11.9
Piko Parizer,6902834,0.4,400g,Pakovanje,,3.99,9.98,3850139191134,Hrana,3.99
"Svinjska rebra marinirana, ca. 500g",6902856,1,ca. 500g,Vakumir. pakov.,Naša mesnica,6.59,6.59,2803093000000,Hrana,6.59
Èips rebrasti slani,6902871,0.15,150g,Vrecica,Snack Day,0.99,6.6,40894867,Hrana,0.99
"PIK Fina Šunka, narezana, 150g",6902889,0.15,150g,Atmos-Pakiranje,,3.25,21.67,3850139250671,Hrana,3.25
Grèki jogurt natur,6902968,0.15,150g,Posudica,Pilos,0.65,4.33,4056489610885,Hrana,0.65
"Svježe mlijeko 3,2% m.m.",6903068,1.03,1l,PET-Boca,Okusi zavièaja,1.19,1.19,4304493259621,Hrana,1.19
Piko Parizer,6903086,0.2,200g,Atmos-Pakiranje,,2.85,14.25,3850139190892,Hrana,2.85
Cockta ,6903088,1.5,"1,5l",PET-Boca,,1.45,0.97,3838471036993,Piæe,1.45
"Pik Šunka u ovitku, 350g",6903118,0.35,350g,Pakovanje,,3.49,9.97,3850139173550,Hrana,3.49
Kinder Bueno Classic 10 komada,6903121,0.43,430g,Pakovanje,,7.49,17.42,3017620691027,Hrana,7.49
"Juneæi mix za juhu, cca. 800g",6903149,1,ca. 800g,Atmos-Pakiranje,Naša mesnica,8.19,8.19,2895550000000,Hrana,9.49
Tartufata SK1,6903162,0.09,90g,Staklo,Deluxe,7.79,86.56,40894485,Hrana,7.79
Bakina tajna ajvar ljuti,6903222,0.3,300g,Staklo,,3.49,11.63,8606102785535,Hrana,3.49
Koko Meso mlade kokoši,6903247,1,"ca. 1,1kg",Vrecica,,2.19,2.19,2146201000000,Hrana,2.19
Koko Meso mlade kokoši,6903247,1,"ca. 1,1kg",Vrecica,,2.19,2.19,2819434000000,Hrana,2.19
Koko Meso mlade kokoši,6903247,1,"ca. 1,1kg",Vrecica,,2.19,2.19,2819436000000,Hrana,2.19
Koko Meso mlade kokoši,6903247,1,"ca. 1,1kg",Vrecica,,2.19,2.19,2819437000000,Hrana,2.19
Lampioni multipack,6903354,1.6,10x160g,Pakovanje,-,8.9,0.89,20251505,Proizvodi za kuæanstvo,8.9
Vjenèiæi SK3,6903805,0.39,390g,Pakovanje,Okusi zavièaja,3.29,8.44,4056489073437,Hrana,3.29
Bijeli rezani kruh,6903825,0.5,500g,Vrecica,Tastino,0.65,1.3,4052917363125,Hrana,0.89
Bijeli rezani kruh,6903825,0.5,500g,Vrecica,Tastino,0.65,1.3,4056489073758,Hrana,0.89
Flips s kikirikijem,6903840,0.04,40g,Vrecica,Snack Day,0.25,0.25,20251741,Hrana,0.25
Lino Èokolino Fit,6904128,0.4,400g,Vrecica,,4.99,12.48,3850104263682,Hrana,4.99
Mix pita SK1,6904141,0.42,420g,Pakovanje,Okusi zavièaja,4.99,11.88,4056489074106,Hrana,4.99
Pan Zlatni svijetlo pivo 5%,6904158,3,"6x0,5l",Limenka,,7.47,2.49,3858887583454,Piæe,7.47
Dekorativna traka 2m,6904165,0.039,1komad,Pakovanje,,1.19,1.19,3856023011588,Proizvodi za kuæanstvo,1.19
Dekorativna traka 2m,6904165,0.039,1komad,Pakovanje,,1.19,1.19,3858885895818,Proizvodi za kuæanstvo,1.19
Dekorativna traka 2m,6904165,0.039,1komad,Pakovanje,,1.19,1.19,3858887141036,Proizvodi za kuæanstvo,1.19
Ukrasna vreæica 25x12x8cm,6904174,0.1,1komad,Pakovanje,,1.33,1.33,3856023004801,Proizvodi za kuæanstvo,1.33
Ukrasna vreæica 32x26x12cm,6904180,0.046,1komad,Vrecica,,1.45,1.45,3856023028920,Proizvodi za kuæanstvo,1.45
Ukrasna vreæica 32x26x12cm,6904180,0.046,1komad,Vrecica,,1.45,1.45,3856023029262,Proizvodi za kuæanstvo,1.45
Ukrasna vreæica 32x26x12cm,6904180,0.046,1komad,Vrecica,,1.45,1.45,3856023029392,Proizvodi za kuæanstvo,1.45
Ukrasna vreæica 32x26x12cm,6904180,0.046,1komad,Vrecica,,1.45,1.45,3858888911652,Proizvodi za kuæanstvo,1.45
Papir/folija 70x100cm,6904186,0.022,1komad,Pakovanje,,1.19,1.19,3858888053451,Proizvodi za kuæanstvo,1.19
"Rolana šunka b.k., cca.1,5kg",6904221,1,"cca.1,5kg",Vakumir. pakov.,Okusi zavièaja,6.09,6.09,2851510000000,Hrana,6.09
Kinder Happy Hippo,6904240,0.104,"5x20,7g",Pakovanje,,2.69,25.99,4008400836423,Hrana,2.69
"Merlot, crno vino ZOI",6904249,1,1l,Boca,Winemakers of Croatia,4.99,4.99,4304493258983,Piæe,4.99
Triangle Snack slani SK1,6904309,0.05,50g,Vrecica,Snack Day,0.59,11.8,4056489074502,Hrana,0.59
"Orah jezgra, 500g",6904472,0.5,500g,Atmos-Pakiranje,,4.89,9.78,3872084013484,Hrana,4.89
Julka šnite,6904474,0.42,420g,Pakovanje,Okusi zavièaja,3.99,9.5,4056489074762,Hrana,3.99
Dolcela Suhi kvasac,6904507,0.007,7g,Pakovanje,,0.55,0.55,3850104266003,Hrana,0.55
Higijenske maramice za èišæenje SK1,6904511,0.455,2x80komad,Pakovanje,W5,1.99,0.01,4056489075073,Proizvodi za kuæanstvo,1.89
Mini Snack SK1,6904631,0.03,30g,Vrecica,Snack Day,0.35,0.35,4056489073994,Hrana,0.45
BO Baguette bijeli,6904884,0.22,220g,Rasuto,,0.49,2.23,3859890755746,Hrana,0.49
Badel Prima Brand 35%,6904982,0.1,"0,1l",Boca,,1.65,16.5,3850112141231,Piæe,1.65
"Gouda, polutvrdi sir",6904985,1,1kg,Pakovanje,,5.99,5.99,3859894087089,Hrana,5.99
Dorina èokolada Noissete,6904996,0.08,80g,Pakovanje,,1.35,16.88,3850102125173,Hrana,1.35
PIK Jeger,6905002,0.3,300g,Pakovanje,,2.12,7.07,3850139170832,Hrana,2.12
PIK Kranjska kobasica,6905003,0.3,300g,Vakumir. pakov.,,2.79,9.3,3850139180015,Hrana,3.49
Dalmatinska panceta,6905047,1,"ca. 1,2kg",Vakumir. pakov.,Okusi zavièaja,10.99,10.99,2868570000000,Hrana,10.99
Johnnie Walker Red Label viski + 2 ,6905061,0.7,"0,7l",Boca,,16.99,24.27,5000267175492,Piæe,16.99
"Svježa pil. zadnja èetv., cca. 650g",6905088,1,ca. 650g,Atmos-Pakiranje,Naša mesnica,1.99,1.99,2868670000000,Hrana,2.99
"Svježa pileæa krila, cca. 500g",6905089,1,ca. 500g,Atmos-Pakiranje,Naša mesnica,2.89,2.89,2868620000000,Hrana,4.19
Podravka Svatovska juha,6905161,0.058,58g,Vrecica,,1.39,23.97,3850104004964,Hrana,1.39
Fuži,6905189,0.4,400g,Vrecica,Okusi zavièaja,1.99,4.98,4056489075288,Hrana,1.99
PP Orahovica Svježi šaran odrezak,6905274,0.45,450g,Atmos-Pakiranje,,3.59,7.98,3858889831911,Hrana,4.99
PP Orahovica Svježi šaran odrezak,6905274,0.45,450g,Atmos-Pakiranje,,3.59,7.98,3858889832239,Hrana,4.99
Indomie Instant juha okus piletina,6905279,0.35,5x70g,Pakovanje,,2.09,5.97,8968617011500,Hrana,2.09
"File otkoštenog zabatka, cca. 500g",6905305,1,ca. 500g,Atmos-Pakiranje,Naša mesnica,6.99,6.99,2868828000000,Hrana,6.99
"Löwenbräu Svijetlo pivo 4,0%",6905353,2,2l,Limenka,,3.61,1.81,3850131005750,Piæe,3.61
Duracell Baterije ,6905383,0.05,4komada,Pakovanje,,5.19,1.3,5000394071780,Proizvodi za kuæanstvo,5.19
BO Burek motani sir,6905439,0.22,220g,Rasuto,,1.19,5.41,3858893420514,Hrana,1.19
Plemiæki sir SK3,6905441,0.2,200g,Vakumir. pakov.,,2.59,12.95,3858891730110,Hrana,2.59
Frozy Plodovi mora u umaku od rajè.,6905450,0.5,500g,Kart. na prekl.,,3.69,7.38,3858891044590,Hrana,3.69
Frozy Rib. fileti u umaku brok. sir,6905452,0.38,380g,Kart. na prekl.,,1.49,3.92,3858891044156,Hrana,1.49
Èarli Deterdžent za posuðe SK1,6905521,0.46,450ml,Boca,,1.29,2.87,3850111304125,Sredstva za èišæenje,1.29
Graševina,6905538,2,2l,PET-Boca,,3.99,2,8594176393506,Piæe,3.99
RFA Trajno èokoladno mlijeko,6905899,0.2,200ml,Pakovanje,Pilos,0.49,2.45,4056489317630,Hrana,0.49
Fix umaci (62-70g) SK1,6905911,0.065,"62g,70g",Vrecica,Kania,0.49,7.9,4056489317401,Hrana,0.49
Fix umaci (62-70g) SK1,6905911,0.065,"62g,70g",Vrecica,Kania,0.49,7.9,4056489317418,Hrana,0.49
Fix umaci (43-50g) SK2,6905916,0.046,"43g,50g",Vrecica,Kania,0.49,9.8,4056489317449,Hrana,0.49
Naturel Šumeæe tablete Multivitamin,6905923,0.096,96g,Pakovanje,,2.25,23.44,3858887241729,Hrana,2.25
"Pink Moscato, KZP",6905932,0.75,"0,75l",Boca,,6.75,9,4304493259874,Piæe,6.75
Dorina Èokolada SK1,6905966,0.231,"220g,250g",Pakovanje,,4.49,17.96,3850102501984,Hrana,4.49
Dorina Èokolada SK1,6905966,0.231,"220g,250g",Pakovanje,,4.49,17.96,3850102502189,Hrana,4.49
Dorina Èokolada SK1,6905966,0.231,"220g,250g",Pakovanje,,4.49,17.96,3850102516285,Hrana,4.49
Vindon Mljeveno pureæe meso,6905984,0.5,500g,Atmos-Pakiranje,,3.71,7.42,3850339413043,Hrana,5.49
Fohwa 3-slojne zaštitne maske 10/1,6906019,0.04,1komad,Pakovanje,,1.18,0.12,0745760402496,Proizvodi za kuæanstvo,1.18
Dobro Pršut narezak,6906020,0.25,250g,Atmos-Pakiranje,,6.99,27.96,3850133804115,Hrana,6.49
Podravka Krem juha od gljiva,6906049,0.054,54g,Vrecica,,1.39,25.74,3850104274596,Hrana,1.39
Violeta Omekšivaè 114 pranja SK1,6906055,3.992,4l,Boca,,4.49,1.12,3870128028593,Sredstva za èišæenje,4.79
Vafli od smeðe riže SK15,7202044,0.12,120g,Pakovanje,Sondey,0.99,8.25,20710262,Hrana,0.99
"Nature jogurt, SK2",7202540,0.53,530g,Staklo,NOSTJA,2.99,5.64,20529512,Hrana,2.99
Perutnina Ptuj Pileæi narezak SK2,7300183,0.143,"125g,180g",Atmos-Pakiranje,,1.99,15.92,3838977024463,Hrana,1.99
Perutnina Ptuj Pileæi narezak SK2,7300183,0.143,"125g,180g",Atmos-Pakiranje,,1.99,11.06,3838977024487,Hrana,1.99
Perutnina Ptuj Pileæi narezak SK2,7300183,0.143,"125g,180g",Atmos-Pakiranje,,1.99,11.06,3838977024852,Hrana,1.99
Domaæi narezak SK3,7300421,0.1,100g,Atmos-Pakiranje,Pikok,1.59,15.9,20605650,Hrana,1.59
"Trajno mlijeko bez laktoze 3,5%m.m.",7301471,1.03,1l,TETRA-PK,Pilos,1.59,1.59,4056489607168,Hrana,1.59
"Alk. piæe na bazi ruma 37,5% Vol.",7302087,0.475,"0,5l",Boca,Alliance,5.49,10.98,4056489296973,Piæe,5.49
Koktel pileæe mini hrenovke,7302505,0.5,500g,Vakumir. pakov.,-,1.34,2.68,4056489075509,Hrana,1.34
BO proteinski kruh,7302830,0.4,400g,Rasuto,,1.59,3.98,3831001886235,Hrana,1.59
Pašteta od tune,7303088,0.095,95g,Limenka,Nixe,1.39,14.63,4056489076179,Hrana,1.39
Leone Sladolde na štapiæu SK2,7303384,0.152,"4x60ml,4x70ml",Kart. na prekl.,,2.29,8.18,3830053876140,Hrana,2.29
Ayatana Bio Kombucha SK2,7303935,0.33,330ml,Staklo,,2.29,6.94,3830073630166,Hrana,2.29
Odrezak na beèki naèin,7702600,0.75,750g,Vrecica,Alpenfest,5.99,7.99,40899039,Hrana,5.19
Fussili od leæe/slanutka SK1,7702738,0.25,250g,Vrecica,Combino,1.89,7.56,4056489206859,Hrana,1.89
Gnocchi SK1,7702833,0.5,500g,Pakovanje,Italiamo,1.19,2.38,20031657,Hrana,1.19
Gnocchi SK1,7702833,0.5,500g,Pakovanje,Italiamo,1.19,2.38,20031664,Hrana,1.19
Proteinski prutiæ 50% SK7,7703649,0.045,45g,Pakovanje,-,1.35,1.35,20035563,Hrana,1.35
Proteinski prutiæ 50% SK7,7703649,0.045,45g,Pakovanje,-,1.35,1.35,20035594,Hrana,1.35
Schwarzwald Sommer Gin 43% Vol.,7704441,0.5,"0,5l",Boca,-,7.99,15.98,4304493258846,Piæe,7.99
Schwarzwald Pink Gin 43% Vol.,7704442,0.5,"0,5l",Boca,-,8.29,16.58,4304493258624,Piæe,8.29
Schöpp Gin 43% Vol.,7705772,0.5,"0,5l",Boca,,7.3,14.6,20201517,Piæe,7.3
Mousse SK2,7709622,0.35,350g,Sortirano,Deluxe,4.49,12.83,4056489290506,Hrana,4.49
Kobasica od mesa peradi SK2,7711309,0.379,"350g,400g",Pakovanje,Grillmeister,3.29,8.23,4009335090102,Hrana,3.29
Vivil Bomboni bez šeæera sort.,7713799,0.12,120g,Vrecica,,1.79,14.92,4020400893022,Hrana,1.79
Vivil Bomboni bez šeæera sort.,7713799,0.12,120g,Vrecica,,1.79,14.92,4020400898638,Hrana,1.79
Parfem Suddenly Luxury Women SK1,7716832,0.084,100ml,Kart. na prekl.,,5.99,59.9,4335619131187,Kozmetika,5.99
Dilek Cig SK1,7717569,0.384,384g,Pakovanje,,1.67,4.35,4036577918543,Hrana,1.67
Apperitivo desert SK1,7718013,0.35,350g,Plitica,Deluxe,3.78,10.8,4335619132887,Hrana,3.78
Kajmak namaz,9000033,0.25,250g,Posudica,Pilos,2.49,9.96,20965297,Hrana,2.49
Kaèkavalj polutvrdi sir 45%,9000212,0.45,450g,Pakovanje,Pilos,5.99,13.31,4056489996477,Hrana,5.99
Kroasan s kakao kremom,9000802,1,1kg,Vrecica,Tastino,2.99,2.99,4056489087953,Hrana,3.29
Pasirana rajèica,9001892,0.5,500ml,Pakovanje,Baresa,0.79,1.58,4056489275374,Hrana,0.79
Pasirana rajèica,9001893,1,1000ml,Pakovanje,Baresa,1.29,1.29,4056489275381,Hrana,1.29
Nutrino Lab pire Fitness Mix,9002106,0.2,200ml,Vrecica,,1.69,8.45,8606019652913,Piæe,1.69
"Nutrino Lab snack ja, ban, man, mar",9002743,0.2,200ml,Vrecica,,1.69,8.45,8606019654009,Piæe,1.69
Rada Ovèiji sir,9003529,1,ca. 350g,Pakovanje,,11.99,11.99,2106075000000,Hrana,11.99
Vipro Kraljevska peèena paprika,9003558,0.49,490g,Staklo,,3.89,7.94,5310149005558,Hrana,3.89
Kroasan,0158219,0.34,340g,Limenka,Duc de Coeur,1.64,4.82,20711740,Hrana,1.64
BO Èokoladni Cronuts,0159134,0.095,95g,Rasuto,,1.19,12.53,4056489044116,Hrana,1.19
MGR All-in-1 tablete,0159378,0.69,"40x17,25g",Pakovanje,W5,4.99,7.23,4056489367536,Sredstva za èišæenje,4.99
Mješavine za muffine SK27,0159610,0.325,"310g,340g",Kart. na prekl.,Belbake,2.19,7.06,20149932,Hrana,2.19
Mješavine za muffine SK27,0159610,0.325,"310g,340g",Kart. na prekl.,Belbake,2.19,6.44,20149949,Hrana,2.19
ASC file lososa u noriju,0159654,0.125,125g,Pakovanje,Vitasia,4.29,34.32,4056489376033,Hrana,4.29
High Protein Gris puding SK1,0160550,0.2,200g,Posudica,Milbona,0.99,4.95,4056489955030,Hrana,0.99
High Protein napitak SK1,0160560,0.35,350g,PET-Boca,Milbona,1.49,4.26,4056489406662,Hrana,1.49
Panzerotti all'amarena SK2,0160984,0.14,140g,Sortirano,Italiamo,1.49,10.64,4056489412090,Hrana,1.49
Manti,0161694,0.3,300g,Vrecica,1001 delights,2.59,8.63,4056489423713,Hrana,2.59
Mirisni osvježivaè prostora SK18,0161698,0.148,150ml,PET-Boca,W5,1.69,11.27,4056489232254,Sredstva za èišæenje,1.69
Mirisni osvježivaè prostora SK18,0161698,0.148,150ml,PET-Boca,W5,1.69,11.27,4335619092549,Sredstva za èišæenje,1.69
Mirisni osvježivaè prostora SK18,0161698,0.148,150ml,PET-Boca,W5,1.69,11.27,4335619172401,Sredstva za èišæenje,1.69
Mlijeko za sunèanje,0161877,0.25,250ml,PET-Boca,Cien Sun,5.99,23.96,4335619130630,Kozmetika,5.99
Pasta od sezama Tahini,6212443,0.3,300g,Staklo,Eridanous,2.89,9.63,4335619098510,Hrana,2.16
Pržene suncokretove sjemenke,6400716,0.2,200g,Vrecica,Alesto,0.89,4.45,20948313,Hrana,0.89
Kukuruzni snack s okusom èilija,6400718,0.07,70g,Vrecica,Alesto,0.69,9.86,20949181,Hrana,0.69
Pureæi odrezak iz filea,6401075,0.45,450g,Atmos-Pakiranje,-,5.29,11.76,20756055,Hrana,5.29
Pureæi odrezak iz filea,6401075,0.45,450g,Atmos-Pakiranje,-,5.29,11.76,5995885819593,Hrana,5.29
Suncokretovo ulje ,6906127,0.92,1l,Boca,Vita D'or,1.49,1.49,20251116,Hrana,1.49
PIK Mortadela s maslinama nar. XXL,6906136,0.3,300g,Pakovanje,,3.99,13.3,3850139180404,Hrana,3.99
PIK Mortadela narezana XXL,6906137,0.3,300g,Pakovanje,,3.99,13.3,3850139180398,Hrana,3.99
Mini princes krafne,6906163,0.27,270g,Pakovanje,Okusi zavièaja ,3.79,14.04,4056489610632,Hrana,3.79
BO Mini somun,6906324,0.08,80g,Rasuto,,0.29,3.63,4056489610717,Hrana,0.29
Vlažne maramice za pod ,6906354,0.28,15komad,Pakovanje,W5,1.39,0.09,4056489317227,Proizvodi za kuæanstvo,1.39
"Jaja iz podnog uzgoja, razred M",6906363,1.044,18komad,Pakovanje,Okusi zavièaja,4.39,0.24,4056489610694,Hrana,4.19
Sladoled Triple SK2,0137318,0.308,4x130ml,Kart. na prekl.,Bon Gelati,2.79,5.37,20092078,Hrana,2.79
Bio sirni namaz SK1,0137564,0.16,160g,Posudica,Milbona,1.79,11.19,20101411,Hrana,1.79
Bio sirni namaz SK1,0137564,0.16,160g,Posudica,Milbona,1.79,11.19,20101428,Hrana,1.79
Flan 0% masti 0% šeæera,0137778,0.4,4x100g,Pakovanje,Milbona,1.79,4.48,20102807,Hrana,1.79
TK Smoothies SK6,0137844,0.45,450g,Vrecica,-,2.98,6.62,40881881,Hrana,2.98
"Bio kašica puretina, krum., povræe ",0138008,0.22,220g,Staklo,Lupilu,1.09,4.95,4056489882220,Hrana,1.09
Djeèje pelene maxi,0138085,1.52,50komad,Pakovanje,Lupilu,6.75,0.14,4056489352785,Proizvodi za kuæanstvo,6.75
Èokoladni ukrasi od mlijeène èok.,0138280,0.1,100g,Kart. na prekl.,Belbake,1.69,16.9,4056489005773,Hrana,1.69
Suha hrana za pse SK4,0138813,1.5,"1,5kg",Vrecica,Orlando Gourmet,2.39,1.59,20136109,Proizvodi za kuæanstvo,2.39
Kobasica SK2,0138902,0.275,"250g,300g",Atmos-Pakiranje,Grillmeister,3.29,13.16,4056489141761,Hrana,3.29
Narezana salama od divljaèi SK2,0139016,0.06,60g,Atmos-Pakiranje,Deluxe,1.89,31.5,20137731,Hrana,1.89
Aparat za šišanje brade,0373300,0.097,1ST,Pakovanje,Silvercrest Personal Care,10,10,4055334525848,Kozmetika,10
Poli - Poli Pašteta classic,7304759,0.095,95g,Limenka,,0.99,10.42,3838977040890,Hrana,0.99
Poli - Poli Pašteta classic,7304759,0.095,95g,Limenka,,0.99,10.42,8606015009612,Hrana,0.99
Poli - Poli pašteta Kids,7304761,0.095,95g,Limenka,,0.99,10.42,3838977040951,Hrana,0.99
Torte SK2,7306530,0.75,750g,Pakovanje,,8.79,11.72,3831001686071,Hrana,8.79
Francuska salata,7307940,0.5,500g,Atmos-Pakiranje,,2.89,5.78,3830044816964,Hrana,2.89
Poli - Poli pašteta èili,7308320,0.095,95g,Limenka,,0.99,10.42,3838977044935,Hrana,0.99
Dimljena lopatica s kožom u mreži,7308705,1,ca.600g,Vakumir. pakov.,,4.85,4.85,2800354000000,Hrana,4.85
Dimljena lopatica s kožom u mreži,7308705,1,ca.600g,Vakumir. pakov.,,4.85,4.85,2800357000000,Hrana,4.85
Dimljena lopatica s kožom u mreži,7308705,1,ca.600g,Vakumir. pakov.,,4.85,4.85,2800358000000,Hrana,4.85
Èokoladni mousse SK1,7400132,0.4,400g,Plitica,Deluxe,4.59,11.48,20506421,Hrana,4.59
Brugge sir SK1,7401446,0.25,250g,Pakovanje,,4.59,18.36,20328252,Hrana,4.59
Talijanske krokete SK1,7402568,0.28,20x14g,Kart. na prekl.,Italiamo,4.39,15.68,20959180,Hrana,4.39
Torta od sira SK2,7405898,0.165,"2x80g,2x85g",Kart. na prekl.,Deluxe,3.11,18.29,4056489215127,Hrana,3.11
Izbor èokolada SK8,0002837,0.2,200g,Pakovanje,J.D. Gross,5.69,28.45,20125271,Hrana,5.69
Schogetten SK92,0002838,0.1,100g,Tabla,,1.29,12.9,4000415779801,Hrana,1.29
Schogetten SK92,0002838,0.1,100g,Tabla,,1.29,12.9,4000415832100,Hrana,1.29
Schogetten SK92,0002838,0.1,100g,Tabla,,1.29,12.9,4000607151200,Hrana,1.29
Müsli prutiæi SK50,0002858,0.2,200g,Kart. na prekl.,Crownfield,1.65,8.25,20080655,Hrana,1.65
Müsli prutiæi SK50,0002858,0.2,200g,Kart. na prekl.,Crownfield,1.65,8.25,20080662,Hrana,1.65
Müsli prutiæi SK50,0002858,0.2,200g,Kart. na prekl.,Crownfield,1.65,8.25,20422684,Hrana,1.65
"Ferrero Raffaello 15 komada, 150g",0002870,0.15,150g,Pakovanje,,3.99,26.6,8000500023976,Hrana,3.99
Bomboni od voænog želea,0002871,0.4,400g,Vrecica,Sweet Corner,2.49,6.23,20105396,Hrana,2.49
Tjestenina SK2,0151432,0.35,350g,Plitica,Chef Select,2.99,8.54,4056489225706,Hrana,2.99
Osvježivaè prostora SK4,0151608,0.295,300ml,Limenka,W5,0.85,2.83,4056489226789,Sredstva za èišæenje,1.19
Primitivo Puglia IGT,0151636,0.75,"0,75l",Boca,-,3.99,5.32,4056489231240,Piæe,3.99
Grèko predjelo SK1,0151685,0.39,"380g,400g",Plitica,Eridanous,4.69,11.73,4056489231639,Hrana,3.69
Orašasti plodovi i sušeno voæe,0152062,0.06,60g,Vrecica,Alesto,1.19,19.83,20559571,Hrana,1.19
Pjenušac suhi,0152675,0.2,"0,2l",Boca,Burg Schöneck,1.29,6.45,4056489546269,Piæe,1.29
Premium Sushi SK1,0152782,0.178,"168g,178,5g,185g",Pakovanje,select & go,3.79,20.49,4056489250166,Hrana,3.79
"BO Croissant s nougatom, 85g",0152811,0.09,85g,Rasuto,,0.8,9.41,4056489250333,Hrana,0.99
Biljni liker s ðumbirom 33%,0152991,0.7,"0,7l",Boca,Jagdstolz,6.39,9.13,4304493265295,Piæe,6.39
Frappé SK1,0153146,0.25,250g,Kart. na prekl.,MCENNEDY,2.79,11.16,4056489258995,Piæe,2.79
Frappé SK1,0153146,0.25,250g,Kart. na prekl.,MCENNEDY,2.79,11.16,4056489259008,Piæe,2.79
Èaj SK1,0153400,0.06,15x4g,Vrecica,Lord Nelson,2.79,46.5,4056489262145,Piæe,2.79
Voæne karamele,0153605,0.4,400g,Vrecica,Sweet Corner,2.39,5.98,4056489267300,Hrana,2.39
Hrskavi mlijeèni desert vanilija,0153698,0.35,650ml,Kart. na prekl.,Gelatelli,2.49,3.83,4056489267799,Hrana,2.49
Toaletna voda za muškarce SK5,0153751,0.063,75ml,Kart. na prekl.,G. Bellini,6.49,86.53,4056489268086,Kozmetika,6.49
Toaletna voda za muškarce SK5,0153751,0.063,75ml,Kart. na prekl.,G. Bellini,6.49,86.53,4056489268116,Kozmetika,6.49
Sredstvo za èišæenje odvoda,0153827,1.1,1l,PET-Boca,W5,1.49,1.49,4056489268765,Sredstva za èišæenje,1.49
Praline SK1,0169617,0.196,4x70ml,Kart. na prekl.,Gelatelli,3.49,12.46,4056489538189,Hrana,3.49
Hummus SK33,0170159,0.2,200g,Plitica,Chef Select,1.39,6.95,4056489545798,Hrana,1.39
Tjestenina bez glutena SK4,0074516,0.5,500g,Vrecica,free from,1.99,3.98,4056489133049,Hrana,1.99
Snack od riže i kuk.,0174033,0.125,125g,Vrecica,MCENNEDY,1.49,11.92,4056489608134,Hrana,1.49
Preljev za sladoled SK3,0174718,0.259,225ml,Boca,Gelatelli,2.19,9.73,20150792,Hrana,2.19
Preljev za sladoled SK3,0174718,0.259,225ml,Boca,Gelatelli,2.19,9.73,20184919,Hrana,2.19
Cappuccino Sticks SK22,0174748,0.156,"142g,170g",Kart. na prekl.,Bellarom,1.79,12.61,4052917450917,Piæe,1.79
Cappuccino Sticks SK22,0174748,0.156,"142g,170g",Kart. na prekl.,Bellarom,1.79,12.61,4056489618751,Piæe,1.79
Picco Pizzi XXL SK1,0174949,0.72,24x30g,Kart. na prekl.,Trattoria Alfredo,6.99,9.71,4056489620143,Hrana,6.99
Maðarska gulaš juha,0175056,0.4,400ml,Limenka,Kuljanka,1.89,4.73,4056489624455,Hrana,1.89
Dj. vodeni sladoled SK12,0175604,0.696,6x110ml,Kart. na prekl.,Bon Gelati,3.19,4.83,4056489617815,Hrana,3.19
Deterdžent za pranje posuða XXL SK1,0176452,3.06,3l,PET-Boca,W5,2.99,1,4056489799030,Sredstva za èišæenje,2.99
Èokoladne pahuljice XXL SK4,0176893,0.9,900g,Kart. na prekl.,Crownfield,3.99,4.43,4056489021490,Hrana,3.99
Lak za nokte Cocktail SK2,0177036,0.01,11ml,Pakovanje,Cien Beauty,1.29,117.27,4056489430926,Kozmetika,1.29
Chili con Pollo,0177359,0.8,800g,Limenka,El Tequito,3.29,4.11,4056489658801,Hrana,2.99
Sterilizirani crveni grah,0178286,0.41,425ml,Limenka,Freshona,0.62,2.43,4056489666028,Hrana,0.69
Mješavina zaèina iz Provanse,0178353,0.031,"13g,35g,45g",Limenka,Duc de Coeur,1.49,1.49,4056489666301,Hrana,1.49
Delikatesna pašteta,0178429,0.15,150g,Vrecica,Deluxe,1.29,8.6,20320409,Hrana,1.29
Tiramisu,0178605,0.5,500g,Pakovanje,Italiamo,3.79,7.58,4056489671763,Hrana,3.79
Latte Sticks SK24,0179046,0.166,"148g,184g",Kart. na prekl.,Bellarom,1.79,9.73,4056489686187,Piæe,1.79
Latte Sticks SK24,0179046,0.166,"148g,184g",Kart. na prekl.,Bellarom,1.79,9.73,4335619063471,Piæe,1.79
Latte Sticks SK24,0179046,0.166,"148g,184g",Kart. na prekl.,Bellarom,1.79,9.73,4335619063488,Piæe,1.79
DdS Capirosso Toscana IGT Rosso,0179071,0.75,"0,75l",Boca,,5.99,7.99,8009307072538,Piæe,5.99
Boom Box Zobeni napitak s kalcijem,6905663,1,1l,Pakovanje,,2.19,2.19,3858890477504,Hrana,2.19
Boom Box Zobeni keksi kokos,6905674,0.05,50g,Pakovanje,,0.89,17.8,3858890476866,Hrana,0.89
Jana Vitamin Happy,6905685,1.52,"1,5l",PET-Boca,,1.69,1.13,3858890874044,Piæe,1.69
Neopitroid prah,6905726,0.1,100g,Pakovanje,,2.99,29.9,3858888782412,Proizvodi za kuæanstvo,2.99
Pitroid Elek.apar. + tekuæe punj.,6905730,0.122,122g,Pakovanje,,8.69,8.69,3856007902086,Proizvodi za kuæanstvo,8.69
Dipterol Max Action sprej,6905739,0.17,200ml,Pakovanje,,7.49,37.45,3856007908675,Proizvodi za kuæanstvo,7.49
Zvijezda margarin za kreme,6905807,0.25,250g,Pakovanje,,0.65,2.6,3858882211611,Hrana,0.65
Stiegl-Goldbräu Premium svij. pivo,6905817,0.504,"0,5l",Limenka,,1.88,3.76,9003402660088,Piæe,1.88
Fusili Tris tjestenina iz Apulija,6000810,0.5,500g,Vrecica,Italiamo,1.69,3.38,20462642,Hrana,1.69
Bio napitak od soje,6000860,1.02,1000ml,Pakovanje,Vemondo,1.15,1.15,20230524,Hrana,1.15
Rolletti s lješnjakom,6000941,0.222,222g,Pakovanje,Italiamo,1.25,5.63,20569501,Hrana,1.25
"Pecorino Romano DOP, ribani",6000996,0.1,100g,Vrecica,Italiamo,2.69,26.9,20622732,Hrana,2.69
Tagliatelle bez glutena,6001116,0.25,250g,Atmos-Posudica,Chef Select,2.39,9.56,8006223204333,Hrana,2.39
Rižoto SK5,6001161,0.175,175g,Vrecica,Kania,1.29,7.37,20499840,Hrana,1.29
Sir toskanski SK3,6001274,0.15,150g,Vakumir. pakov.,Deluxe,3.99,26.6,20446253,Hrana,3.99
Bezglutenski keksi s èokoladom,6001713,0.1,100g,Kart. na prekl.,Sondey,2.49,24.9,20624088,Hrana,2.49
Gotova jela tjestenina SK1,6001772,0.175,175g,Vrecica,Kania,1.69,9.66,20623982,Hrana,1.69
Bruschette SK1,6003784,0.15,150g,Vrecica,Italiamo,1.79,11.93,20456726,Hrana,1.79
Provolone polutvrdi sir sort. SK1,6004394,0.3,300g,Atmos-Pakiranje,Italiamo,2.99,9.97,20098858,Hrana,2.99
Bio Tortelloni/ Ravioli SK2,6004521,0.25,250g,Atmos-Posudica,Chef Select,2.19,8.76,20850654,Hrana,2.19
Pašteta s tunam / lososom SK1,6004564,0.1,100g,Tuba,Nixe,1.79,17.9,20632878,Hrana,1.79
Bianca Lieve Pri. za šlag na bilj.b,6005860,0.52,500ml,Pakovanje,,1.69,3.38,8000005048634,Hrana,1.69
Gorgonzola Bio,6006280,0.17,170g,Pakovanje,Milbona,2.29,13.47,20003289,Hrana,2.29
Pecorino Romano DOP,6006852,0.2,200g,Vakumir. pakov.,Italiamo,4.99,24.95,4056489098201,Hrana,4.99
Vital kapsule,5701142,0.023,45komad,Pakovanje,Optisana,3.99,0.09,20425937,Hrana,3.99
"Matièna mlijeè, propolis i vit. C",5701146,0.1,10komad,Pakovanje,Optisana,4.99,0.5,20425890,Hrana,4.99
Mlijeèni desert vanil. i èoko. SK3,5701233,0.135,"130g,140g",Pakovanje,Sol&Mar,1.59,12.23,20705541,Hrana,1.59
Fuet extra salama,5701624,0.17,170g,Vrecica,Sol&Mar,2.49,14.65,20645076,Hrana,2.49
Kakao rolice XXL,5701753,0.4,400g,Vrecica za punj,Maitre Jean-Pierre,2.69,6.73,20478599,Hrana,2.69
Biskvit torta SK2,5702871,0.347,"330g,370g",Pakovanje,Sol&Mar,1.89,5.73,20421236,Hrana,1.89
Mini snack salama SK3,5705400,0.08,80g,Pakovanje,Latin American Style,1.39,17.38,4056489965374,Hrana,1.39
Turón Fuet SK4,5706368,0.16,160g,Atmos-Pakiranje,Deluxe,1.99,12.44,4056489511243,Hrana,1.99
Tapas na španjolski naèin,5706440,0.15,150g,Pakovanje,Sol&Mar,5.99,39.93,40889481,Hrana,5.99
Zelene masline punjene paprikom,5707463,0.34,370ml,Staklo,Baresa,2.19,10.95,20076313,Hrana,2.19
Bio wellness èaj SK7,5707655,0.024,12x2g,Karton,Lord Nelson,2.89,120.42,20189242,Piæe,2.89
Vreæe za smeæe 120l s vezicom,6906383,0.421,10komad,Traka,Purio,1.39,0.14,4056489317579,Proizvodi za kuæanstvo,1.39
Nivea Dezodorans SK1,6906413,0.092,150ml,Limenka,,3.95,26.33,4005808734320,Kozmetika,3.95
Nivea Dezodorans SK1,6906413,0.092,150ml,Limenka,,3.95,26.33,9005800342634,Kozmetika,3.95
Violeta Baby pelene Junior 5,6906427,2.086,52komad,Pakovanje,,14.79,0.28,3870128010291,Proizvodi za kuæanstvo,14.79
"Bagremov med, 450g",6906436,0.45,450g,Staklo,Okusi zavièaja,6.99,15.53,4056489610922,Hrana,6.99
Ornel Omekšivaè Blue Marine 150 pr.,6906446,3.75,"3,75l",PET-Boca,,4.25,1.13,3850105177353,Sredstva za èišæenje,4.25
Cedevita instant napitak SK1,6906472,0.455,455g,Vrecica,,3.95,8.68,3850322014905,Piæe,4.19
Cedevita Instant napitak naranèa,6906475,0.9,900g,Pakovanje,,6.39,7.1,3850322014981,Piæe,6.39
"Kozel Tamno Pivo 3,8%",6906488,2,"4x0,5l",Limenka,,4.89,2.45,8594404005331,Piæe,4.89
"Le Coq Cocktail Cuba Libre 4,7%",6906607,0.33,330ml,Boca,,1.19,3.61,4740098090625,Piæe,1.15
Kraš Tortica Crunchy,6906609,0.021,21g,Pakovanje,,0.55,0.55,3850102521449,Hrana,0.55
"Le Coq Cocktail T-Quila Sunrise 4,7",6906617,0.33,"0,33l",Boca,,1.19,3.61,4740098090298,Piæe,1.15
Super Jon staklo,6906621,0.65,650ml,PET-Boca,,1.59,2.45,3850111503382,Sredstva za èišæenje,1.59
Super Jon staklo,6906621,0.65,650ml,PET-Boca,,1.59,2.45,3850111505607,Sredstva za èišæenje,1.59
Dukatos Selection okus kokos,6906656,0.15,150g,Posudica,,0.89,5.93,3850354016946,Hrana,0.89
Kikkoman Soja umak,6906666,0.586,500ml,Boca,,4.49,8.98,8715035110502,Hrana,4.49
Desperados svij. pivo s aromom teq.,6906706,0.5,"0,5l",Limenka,,1.72,3.44,8712000038175,Piæe,1.72
BO Zlatni craft kruh s kis. tijest.,6906985,0.41,410g,Rasuto,,1.15,2.8,3859893136252,Hrana,1.69
BO Zlatni craft kruh s kis. tijest.,6906985,0.41,410g,Rasuto,,1.15,2.8,4052917652472,Hrana,1.69
Tilzit,6907022,0.5,500g,Vakumir. pakov.,,3.99,7.98,3859894087010,Hrana,3.99
Jack Daniels Whiskey+ Coca Cola 2x,6907029,1.5,"1,5l",Boca,,17.49,11.66,5099873709818,Piæe,17.49
Vajda Kobasica sa sirom,6907043,0.4,400g,Atmos-Pakiranje,,2.99,7.48,3858890803266,Hrana,2.99
"Svj. jadran. srdele, bez gl., oèiš.",6907068,0.4,400g,Atmos-Pakiranje,Naša ribarnica,3.99,9.98,4056489611394,Hrana,3.99
President Zag.svj. sir bez laktoze,6907095,0.22,220g,Posudica,,2.12,9.64,3850355007561,Hrana,2.12
Johnson's Baby šampon,6907124,0.5,500ml,PET-Boca,,4.59,9.18,3574661584645,Kozmetika,4.59
Nila Tek.deterdžent 50 pranja SK1,6907141,2.7,"2,7l",PET-Boca,,8.89,3.29,3850105169631,Sredstva za èišæenje,9.29
Dove Dezodorans SK1,6907175,0.15,150ml,Pakovanje,,5.19,34.6,8720181291852,Kozmetika,5.35
Annyer Revital Šampon kop./bre. SK2,6907210,0.3,300ml,Pakovanje,,2.25,7.5,3850177005493,Kozmetika,2.25
Arf Sredstvo za èišæenje kamenca,6907258,0.65,650ml,Boca,,1.99,3.06,3850105181190,Sredstva za èišæenje,1.99
Bezalkoholni koktel SK1,6907271,0.33,"0,33l",PET-Boca,-,0.69,2.09,4056489611691,Piæe,0.69
Nivea Sun Protect&Moisture Trigger,6907282,0.271,270ml,PET-Boca,,16.09,59.59,4005900908698,Kozmetika,16.09
Jamnica Sensation lubenica-limeta ,6907284,1.53,"1,5l",PET-Boca,,1.29,0.86,3858890879827,Piæe,1.29
"Pržene, slane sjemenke bundeve",6407699,0.25,250g,Vrecica,Alesto,2.35,9.4,4056489158448,Hrana,2.35
BO Pogaèa sa sirom,6410263,0.077,77g,Rasuto,,0.49,6.36,4052917834724,Hrana,0.49
Nektar od višnje 50%,6410784,1,1l,Pakovanje,Solevita,1.99,1.99,4056489500261,Piæe,1.99
Goldenfood Svj. paèji batak-zabatak,6410895,1,"cca. 0,4-0,6kg",Vakumir. pakov.,,8.99,8.99,2898055000000,Hrana,8.99
Sok od ananasa 100%,6411125,1,1l,Pakovanje,Solevita,2.15,2.15,4056489500735,Piæe,2.15
Amerièki sladoled SK16,6601570,0.43,"485ml,500ml",Posudica,Gelatelli,3.99,7.98,20396183,Hrana,3.99
Svježi krem sir SK10,6601662,0.15,150g,Pakovanje,Deluxe,1.79,11.93,4056489680611,Hrana,1.79
Svježi krem sir SK10,6601662,0.15,150g,Pakovanje,Deluxe,1.79,11.93,4056489874201,Hrana,1.79
Soft cookies SK1,6605177,0.225,225g,Vrecica,MCENNEDY,2.59,11.51,20978020,Hrana,2.59
Amerièki sladoled maslac-kikiriki,6607657,0.431,500ml,Posudica,Gelatelli,3.79,7.58,4056489220305,Hrana,3.79
Mini Amerièki sladoled SK1,6608650,0.114,150ml,Posudica,Gelatelli,1.79,11.93,4056489374626,Hrana,1.79
Veganski sir u listiæima SK1,6612647,0.15,150g,Pakovanje,Vemondo,1.99,13.27,4056489978091,Hrana,1.99
"Instant juha pileæa, bez glutamata",6700331,0.071,71g,Pakovanje,Kania,0.49,6.9,20536350,Hrana,0.49
Mješavina za peèenje keksa SK5,0146463,0.18,180g,Vrecica,Belbake,1.19,6.61,4056489104674,Hrana,1.19
Tjestenina Penne XXL,0146619,1.2,"1,2kg",Vrecica,Combino,1.89,1.58,4056489105732,Hrana,1.89
Svježi prirodni sok SK16,0146799,1.045,1l,PET-Boca,Solevita,3.19,3.19,4304493270015,Hrana,3.19
Lisnato tijesto  s maslacem XXL SK1,0147311,0.2,200g,Pakovanje,Snack Day,1.89,9.45,4056489113669,Hrana,1.89
"Svježi filet lososa, cca.1kg",0148255,1,cca.1kg,Vakumir. pakov.,,13.99,13.99,2868841000000,Hrana,13.49
"Svježi filet lososa, cca.1kg",0148255,1,cca.1kg,Vakumir. pakov.,,13.99,13.99,2869223000000,Hrana,13.49
Jednokratni drv. pribor za jelo SK1,0142492,0.057,20komad,Kart. na prekl.,Grillmeister,0.99,0.05,4056489021230,Proizvodi za kuæanstvo,0.99
Bio sok od ðumbira,0143693,0.156,150ml,Limenka,Solevita,1.29,8.6,4056489028109,Hrana,1.29
Pan. pil. innerfile Cornf. panada,6904316,1,ca.500g,Atmos-Posudica,Gourmet,9.25,9.25,2835160000000,Hrana,9.25
Pan. pil. innerfile Cornf. panada,6904316,1,ca.500g,Atmos-Posudica,Gourmet,9.25,9.25,2835162000000,Hrana,9.25
Pan. pil. innerfile Cornf. panada,6904316,1,ca.500g,Atmos-Posudica,Gourmet,9.25,9.25,2835167000000,Hrana,9.25
Pan. pil. innerfile Cornf. panada,6904316,1,ca.500g,Atmos-Posudica,Gourmet,9.25,9.25,2835168000000,Hrana,9.25
Cedevita Fresh SK1,6904371,0.34,340ml,PET-Boca,,1.12,3.29,3850322013632,Piæe,1.12
"Svježe pile, cca. 2kg",6904372,1,ca. 2kg,Vrecica,,3.19,3.19,2146200000000,Hrana,3.19
"Svježe pile, cca. 2kg",6904372,1,ca. 2kg,Vrecica,,3.19,3.19,2146207000000,Hrana,3.19
"Svježe pile, cca. 2kg",6904372,1,ca. 2kg,Vrecica,,3.19,3.19,2146209000000,Hrana,3.19
"Dimljena šunka s kosti, cca. 6kg",6904437,6,ca. 6kg,Vakumir. pakov.,Pikok,4.89,4.89,2845190000000,Hrana,4.89
"Dimljena šunka s kosti, cca. 6kg",6904437,6,ca. 6kg,Vakumir. pakov.,Pikok,4.89,4.89,2845194000000,Hrana,4.89
Premium sladoled SK11,0133116,0.427,500ml,Posudica,Gelatelli,3.99,7.98,20091958,Hrana,3.99
Talijanski desert SK1,0133222,0.34,"4x80g,4x90g",Pakovanje,Milbona,2.79,0.78,40879079,Hrana,2.79
Hrana za pse SK4,0133276,0.4,400g,Limenka,Orlando Gourmet,0.83,2.08,40879437,Proizvodi za kuæanstvo,1.39
Sladoled štapiæi,0133318,0.25,"6x51ml,6x53ml,6x50ml",Kart. na prekl.,Gelatelli,2.34,7.8,4056489814849,Hrana,Nije_bilo_u_prodaji_02.05.2025
Sladoled štapiæi,0133318,0.25,"6x51ml,6x53ml,6x50ml",Kart. na prekl.,Gelatelli,2.34,7.65,4056489814856,Hrana,Nije_bilo_u_prodaji_02.05.2025
Krem sladoled XXL,0133325,0.84,12x120ml,Kart. na prekl.,Gelatelli,4.99,3.47,20633004,Hrana,4.99
Tijesto za pizzu XXL,0133682,0.55,550g,Pakovanje,Chef Select & You,1.85,3.36,40884417,Hrana,1.85
Baby vlažne maramice XXL SK1,0133951,0.554,100komad,Pakovanje,Lupilu,1.49,0.01,40891002,Proizvodi za kuæanstvo,1.49
Èokoladne pahuljice XXL SK5,0134430,0.9,900g,Kart. na prekl.,Crownfield,3.99,4.43,4056489021476,Hrana,3.99
"Pivo Imperiale 7,5%",0135033,0.765,"0,75l",Boca,Abbaye de Vauclair,2.99,3.99,4056489522676,Piæe,2.99
Dolcela Èokoladni muffin,6906744,0.35,350g,Pakovanje,,2.29,6.54,3850104244827,Hrana,2.29
Talianetta Makaroni bolognese,6906761,0.16,160g,Vrecica,,1.49,9.31,3850104230950,Hrana,1.49
Ukrasna vreæica 32x26x12cm,6906786,0.08,1komad,Pakovanje,,1.45,1.45,3856023020917,Proizvodi za kuæanstvo,1.45
Ukrasna vreæica 32x26x12cm,6906786,0.08,1komad,Pakovanje,,1.45,1.45,3856023029088,Proizvodi za kuæanstvo,1.45
Ukrasna vreæica 32x26x12cm,6906786,0.08,1komad,Pakovanje,,1.45,1.45,3856023029125,Proizvodi za kuæanstvo,1.45
Ukrasna vreæica 32x26x12cm,6906786,0.08,1komad,Pakovanje,,1.45,1.45,3856023049567,Proizvodi za kuæanstvo,1.45
Perfekte Wäsche Un.tek. deterdžent,6906799,4.305,"4,305l",Boca,,4.49,1.04,4262358180018,Sredstva za èišæenje,4.49
Rama Margarin Classic,6906852,0.225,225g,Posudica,,1.19,5.29,8719200264915,Hrana,1.19
ZG vreæica Vreæice za smeæe 10l,6906895,0.155,10komad,Pakovanje,,2.64,0.26,3858886768746,Proizvodi za kuæanstvo,2.64
"Pivac Hamburger, cca 1,2kg",6906930,1,"ca. 1,2kg",Vakumir. pakov.,,6.49,6.49,2105213000000,Hrana,6.29
Margarin za domaæinstvo,6906978,0.5,500g,Pakovanje,Vita D'or,0.85,1.7,4056489611264,Hrana,0.85
BO Seljaèko pecivo,5522816,0.085,80g,Rasuto,,0.35,4.38,4053216131040,Hrana,0.35
Chicken pops SK1,5523640,0.21,210g,Kart. na prekl.,MCENNEDY,1.59,7.57,4056489119425,Hrana,1.59
Chicken pops SK1,5523640,0.21,210g,Kart. na prekl.,MCENNEDY,1.59,7.57,4056489119432,Hrana,1.59
Zamjenski ulošci za lampione XXL,5524403,0.54,4x1komad,Pakovanje,-,3.49,3.49,4056489119623,Proizvodi za kuæanstvo,3.49
Šleska kobasica,5525217,0.55,550g,Atmos-Pakiranje,Pikok,4.49,8.16,4056489184652,Hrana,4.49
Det. za ruèno pranje posuða SK9,5525905,1.025,1l,PET-Boca,-,1.09,1.09,4056489179115,Sredstva za èišæenje,1.09
Sred. za posuða u gelu koncen. SK4,5528354,0.918,900ml,PET-Boca,W5,1.49,1.66,4056489259763,Sredstva za èišæenje,1.49
Vafli s kremom od kikirikija RFA,5528632,0.28,280g,Pakovanje,Sondey,1.55,5.54,4056489185390,Hrana,1.55
"Crni èaj Selection SK1, 40x1,5g",5528847,0.073,"40x1,5g,40x2g",Kart. na prekl.,Lord Nelson,1.19,19.83,4056489261391,Piæe,1.19
"Crni èaj Selection SK1, 40x1,5g",5528847,0.073,"40x1,5g,40x2g",Kart. na prekl.,Lord Nelson,1.19,14.88,4056489261391,Piæe,1.19
"Crni èaj Selection SK1, 40x1,5g",5528847,0.073,"40x1,5g,40x2g",Kart. na prekl.,Lord Nelson,1.19,19.83,4056489261407,Piæe,1.19
Gyoza s piletinom i povræem SK1,5530965,0.238,238g,Atmos-Pakiranje,Chef Select,2.59,10.88,4056489283577,Hrana,2.59
Arapska i latinoameri. tortilla SK1,5530970,0.25,250g,Atmos-Pakiranje,Chef Select,2.59,10.36,4056489283560,Hrana,2.59
Voæni èaj SK1,5531343,0.04,20x2g,Kart. na prekl.,Lord Nelson,1.19,1.19,4056489184430,Piæe,1.19
Vlažni bioraz. toaletni papir SK1  ,5531980,0.2,60komad,Pakovanje,Floralys,0.79,0.01,4056489284550,Proizvodi za kuæanstvo,0.79
Vlažni bioraz. toaletni papir SK1  ,5531980,0.2,60komad,Pakovanje,Floralys,0.79,0.01,4056489304180,Proizvodi za kuæanstvo,0.79
"Pureæi filet XXL, cca. 1-1,5 kg",5533555,1,"ca.1-1,5kg",Vakumir. pakov.,RZEZNIK,7.69,7.69,2835559000000,Hrana,7.75
"Pureæi filet XXL, cca. 1-1,5 kg",5533555,1,"ca.1-1,5kg",Vakumir. pakov.,RZEZNIK,7.69,7.69,2894253000000,Hrana,7.75
BIO kukuruzni snack SK1,5534361,0.06,60g,Pakovanje,Snack Day,0.89,14.83,4056489715917,Hrana,0.89
Bob Snail voæne rolice SK6,5538170,0.03,30g,Pakovanje,,1.19,1.19,4820219340591,Hrana,1.19
Svinjska potrbušina peèena,5545654,1,cca. 400g,Atmos-Posudica,Kuljanka,9.79,9.79,2848039000000,Hrana,9.79
Gel za tuširanje SK1,0187004,0.412,400ml,PET-Boca,Cien,1.19,2.98,4056489808749,Kozmetika,1.19
Scotch Whisky 40% Vol.,0187015,1.4,"1,5l",Boca,Queen Margot,14.99,9.99,4056489809043,Piæe,14.99
High protein jogurt SK1,0187248,0.4,400g,Posudica,Milbona,1.89,4.73,4056489814764,Hrana,1.89
Belgijske praline,0187410,0.25,250g,Kart. na prekl.,J.D. Gross,3.69,14.76,4056489815785,Hrana,3.99
Protein prutiæ 50% 3x45g SK5,0188213,0.135,3x45g,Pakovanje,-,3.89,28.81,4056489822431,Hrana,3.89
Muški gel za tuširanje Sommer SK2,0188610,0.412,400ml,Boca,Cien men,1.29,3.23,4056489482406,Kozmetika,1.29
Muški gel za tuširanje Sommer SK2,0188610,0.412,400ml,Boca,Cien men,1.29,3.23,4056489833444,Kozmetika,1.29
Mediteranski zaèini SK2,0189653,0.027,"16g,27g,28g,30g,35g",Staklo,Italiamo,1.59,99.38,20046262,Hrana,1.59
Mediteranski zaèini SK2,0189653,0.027,"16g,27g,28g,30g,35g",Staklo,Italiamo,1.59,99.38,20046361,Hrana,1.59
Šarena mlijeèna èokolada,0191886,0.1,100g,Tabla,Fin Carré,1.69,16.9,4056489860990,Hrana,1.69
Šeæerna dekoracija Uskrs SK33,0192649,0.027,"11g,12g,16g,25g,4x25g",Kart. na prekl.,Belbake,1.99,19.9,4056489442271,Hrana,1.99
Šeæerna dekoracija Uskrs SK33,0192649,0.027,"11g,12g,16g,25g,4x25g",Kart. na prekl.,Belbake,1.99,180.91,4056489865643,Hrana,1.99
Šeæerna dekoracija Uskrs SK33,0192649,0.027,"11g,12g,16g,25g,4x25g",Kart. na prekl.,Belbake,1.99,79.6,4056489865711,Hrana,1.99
Maramice za upijanje boja,0193010,0.057,40komad,Pakovanje,-,2.19,0.05,4056489869856,Proizvodi za kuæanstvo,2.19
Pizza XXL SK1,0193833,0.49,490g,Kart. na prekl.,Trattoria Alfredo,4.29,8.76,20848392,Hrana,4.29
Krema za sunèanje LSF 50,0194293,0.05,50ml,Tuba,Cien,2.79,55.8,4056489889205,Kozmetika,2.79
Krema za sunèanje LSF 50,0194293,0.05,50ml,Tuba,Cien,2.79,55.8,4335619130739,Kozmetika,2.79
Edamame SK1,0194604,0.15,150g,Plitica,Vitasia,1.39,9.27,4056489889755,Hrana,1.39
Edamame SK1,0194604,0.15,150g,Plitica,Vitasia,1.39,9.27,4056489889762,Hrana,1.39
"Tuna u vlastitom sok, ATG: 168g",0194614,0.24,3x80g,Limenka,Nixe,2.65,15.77,4056489889854,Hrana,2.65
Povrtni nuggets SK1,0194897,0.25,250g,Kart. na prekl.,Vemondo,2.39,9.56,4056489893974,Hrana,2.39
Japanske zaèinske paste SK1,0194906,0.12,120g,Staklo,Vitasia,1.69,14.08,4056489932130,Hrana,1.69
Pribor za manikuru-pedikuru,0418625,0.034,"2ST,1ST",Pakovanje,Cien,3,3,4055334936521,Kozmetika,3
Univerzalna krpa od mikrovla. SK10,0085302,0.063,"2komad,3komad",Kart. na prekl.,W5,2.35,0.78,20431846,Proizvodi za kuæanstvo,2.35
Pribor za manikuru,0435991,0.018,1ST,Pakovanje,Cien BEAUTY,0.5,0.5,4335633000278,Kozmetika,0.5
Heineken pivo 5% 6-pack,6907877,3.03,"6x0,5l",Limenka,,7.89,2.63,3830001716016,Piæe,7.89
Heineken Silver svijetlo pivo 4%,6907878,1.32,"4x0,33l",Limenka,,4.61,3.49,3850103902483,Piæe,4.61
Ekos Mignon Sacher,6907888,0.4,400g,Pakovanje,,5.79,14.48,3858889618994,Hrana,5.79
Ekos Mignon Sacher,6907888,0.4,400g,Pakovanje,,5.79,14.48,4056489925316,Hrana,5.79
KMT Kruti šampon SK1,6907909,0.04,40g,Kutija,,4.99,124.75,3859892810306,Kozmetika,4.99
Svježa lignja oèišæena,6907918,0.4,400g,Atmos-Pakiranje,Naša ribarnica,9.99,24.98,4056489611608,Hrana,9.99
Prime Napitak Ice Pop,6907944,0.53,"0,5l",PET-Boca,,2.19,4.38,850040427066,Piæe,2.19
Prime Napitak Meta Moon,6907946,0.53,"0,5l",PET-Boca,,2.19,4.38,850040427110,Piæe,2.19
Lino Pillows Nougat,6907951,0.25,250g,Vrecica,,3.19,12.76,3850104258978,Hrana,3.19
Sorger Mini kobasice SK1,6907961,0.08,80g,Atmos-Pakiranje,,1.99,24.88,9002055004577,Hrana,1.99
Sorger Mini kobasice SK1,6907961,0.08,80g,Atmos-Pakiranje,,1.99,24.88,9002055004584,Hrana,1.99
Podravka Ðuveè,6907967,0.69,690g,Staklo,,3.49,5.06,3856020221393,Hrana,3.49
"PP Svježe ""Meðimursko"" mar. pile",6907974,1,"ca. 1,6kg",Pakovanje,,3.69,3.69,2114384000000,Hrana,3.69
Lino Frutolino Instant pahuljice,6908007,0.2,200g,Pakovanje,,2.59,12.95,3850104230073,Hrana,2.59
Hipp Voæna pl. ban. i jab. s mal.,6908094,0.023,23g,Pakovanje,,1.05,1.05,4062300446069,Hrana,1.05
Aquafresh Pasta za zube SK2,6908130,0.1,100ml,Tuba,,2.69,26.9,5054563197993,Kozmetika,2.69
PIK Natur šunka narezana,6908158,0.1,100g,Atmos-Pakiranje,,1.49,14.9,3850139282139,Hrana,1.49
SAMO TI Èokolada jagoda,6908162,0.1,100g,Tabla,,0.95,9.5,3858881065055,Hrana,0.95
Flips s kikirikijem,6908189,0.06,60g,Vrecica,Snack Day,0.35,5.83,4056489925705,Hrana,0.49
"Pure Milk Voæni jogurt marel. 3,2%",6908201,0.15,150g,Posudica,,0.29,1.93,5998200571251,Hrana,0.29
"The Garden Brewery Sour 4,5%",6908212,0.33,"0,33l",Limenka,,1.29,3.91,3858893812142,Piæe,1.29
Jabuka zelena 2kg,0080192,2,2kg,Pakovanje,,1.99,1,20241896,Hrana,1.99
Jabuka Pink Lady,0080213,0.8,800g,Pakovanje,,2.49,3.11,20520335,Hrana,2.29
Jabuka crvena 2kg,0080230,2,2kg,Pakovanje,,1.99,1,20241919,Hrana,1.99
"Jabuka crvena, Jonaprinc",0080241,1,1kg,Rasuto,,1.49,1.49,4056489939771,Hrana,1.49
"Grožðe bijelo 500g, bez koštica",0080505,0.5,500g,Pakovanje,,2.19,4.38,20239305,Hrana,2.19
Ananas,0080611,1.655,1komad,Rasuto,,2.22,2.22,20586379,Hrana,2.49
Šipak,0080646,0.387,1komad,Rasuto,,1.49,1.49,20558314,Hrana,1.49
Physalis,0080735,0.1,100g,Pakovanje,,0.49,4.9,7700040000109,Hrana,1.29
Physalis,0080735,0.1,100g,Pakovanje,,0.49,4.9,7709990076226,Hrana,1.29
Kupina 125g,0080790,0.125,125g,Pakovanje,,2.19,17.52,20316471,Hrana,1.99
Kupina 125g,0080790,0.125,125g,Pakovanje,,2.19,17.52,3859889267038,Hrana,1.99
Borovnica 250g,0080823,0.25,250g,Pakovanje,,2.89,11.56,20305819,Hrana,2.89
Bio limun 500g,0081540,0.5,500g,Pakovanje,,1.29,2.58,20240332,Hrana,1.29
Bio avokado,0081672,0.292,2komad,Pakovanje,,2.49,2.49,20515102,Hrana,2.49
Bio borovnica,0081685,0.125,125g,Pakovanje,,1.89,15.12,3858893253044,Hrana,1.99
Salata Iceberg,0082031,0.366,1komad,Rasuto,,0.89,0.89,20201852,Hrana,1.39
Salata Iceberg,0082031,0.366,1komad,Rasuto,,0.89,0.89,8424766058099,Hrana,1.39
Matovilac,0082051,0.125,125g,Pakovanje,,0.99,7.92,3859893446276,Hrana,1.29
Salata s korijenom,0082114,0.176,1komad,Pakovanje,,1.29,1.29,20551926,Hrana,1.49
Mini grill povræe,0082252,0.4,400g,Pakovanje,,2.22,5.55,20702816,Hrana,2.79
Šparoga zelena 300g,0082299,0.3,300g,Pakovanje,,3.99,13.3,20582432,Hrana,3.99
Šparoga zelena 500g,0082302,0.5,500g,Pakovanje,,3.79,7.58,20242275,Hrana,3.99
Rajèica mini grappolo,0082388,0.5,500g,Pakovanje,,2.49,4.98,20242145,Hrana,2.49
Rajèica koktel 250g,0082410,0.25,250g,Pakovanje,,1.49,5.96,20462826,Hrana,1.49
Rajèica Papeletto 400g,0082522,0.4,400g,Pakovanje,,1.79,4.48,20554651,Hrana,2.69
Rajèica Papeletto 400g,0082522,0.4,400g,Pakovanje,,1.79,4.48,3859889267991,Hrana,2.69
Paprika mini mix 150g,0082669,0.15,150g,Pakovanje,,1.29,8.6,20411558,Hrana,1.29
Mladi èešnjak,0082706,0.04,1komad,Rasuto,,0.99,0.99,20548537,Hrana,0.66
Èešnjak,0082712,0.25,250g,Pakovanje,,1.59,6.36,20253462,Hrana,1.59
Spužvica za šminku,0441136,0.008,1ST,Pakovanje,Cien BEAUTY,0.5,0.5,4335633057913,Kozmetika,0.5
Smrznuta Teriyaki piletina BaoBun,5233120,0.27,270g,Kart. na prekl.,,4.19,15.52,5020580561659,Hrana,3.68
"Jako pivo 7,2%",5500395,0.5,"0,5l",Limenka,Argus,1.09,2.18,4304493257139,Piæe,1.09
Sapun SK1,5500714,0.1,100g,Pakovanje,-,0.39,3.9,20819866,Kozmetika,0.39
Bezalkoholno pivo,5500806,0.5,"0,5l",Limenka,Argus,0.59,1.18,4056489877752,Piæe,0.59
Punjeni dumplings losos SK2,5501285,0.35,350g,Atmos-Pakiranje,Deluxe,1.79,5.11,20586140,Hrana,1.79
Peèena pileæa pljeskavica,5501824,0.2,200g,Atmos-Pakiranje,Baroni,0.79,3.95,20205225,Hrana,0.69
Pribor za manikuru-pedikuru,0426320,0.036,"2ST,1ST",Pakovanje,Cien BEAUTY,1,1,4058143079137,Kozmetika,1
Pribor za manikuru-pedikuru,0426320,0.036,"2ST,1ST",Pakovanje,Cien BEAUTY,1,1,4058143079175,Kozmetika,1
Pelinkovac Vintage 35% alk.,6907296,0.7,"0,7l",Boca,,9.99,14.27,3859894287069,Piæe,9.99
Kraš Frondi Vafel vanilija,6907303,0.25,250g,Pakovanje,,2.45,9.8,3850102002269,Hrana,2.45
Kraš Frondi Vafel limun,6907304,0.25,250g,Pakovanje,,2.45,9.8,3850102002283,Hrana,2.45
Naturel mini Classic dvopek,6907308,0.12,120g,Pakovanje,,1.39,11.58,3858889361593,Hrana,1.39
Lino Keksolino keksiæi,6907352,0.14,140g,Vrecica,,1.69,12.07,3850104269219,Hrana,1.69
Podravka BBQ Umak Spicy Hot ,6907359,0.345,345g,PET-Boca,,2.19,6.35,3856020264352,Hrana,2.19
Ledo Panirani riblji štapiæi,6907384,0.3,300g,Pakovanje,,2.49,8.3,3850116883595,Hrana,2.49
Maraska Pelinkovac,6907403,1,1l,Boca,,15.02,15.02,3850158406752,Piæe,15.02
Striploin Steak,6907419,0.275,275g,Vakumir. pakov.,,5.49,19.96,4056489612070,Hrana,5.49
Uvin èaj,6907424,0.03,30g,Kart. na prekl.,Lord Nelson,0.79,0.79,4056489612094,Piæe,0.79
Sirutka,6907438,1,1kg,Pakovanje,Pilos,0.69,0.69,4056489612339,Hrana,0.69
Eva Tuna salata Protein,6907471,0.16,160g,Limenka,,1.99,12.44,3856020263904,Hrana,1.99
"Šibenska pivovara Cvita, IPA 5,2% ",6907521,0.5,"0,5l",Limenka,,1.99,3.98,3857500050984,Piæe,1.99
Badem cijeli,6907559,0.3,300g,Pakovanje,,2.99,9.97,8671020170107,Hrana,2.99
"Cromaris Zubatac, ca. 900g",6907560,1,ca. 900g,Atmos-Pakiranje,,21.99,21.99,2128022000000,Hrana,21.99
"Cromaris Zubatac, ca. 900g",6907560,1,ca. 900g,Atmos-Pakiranje,,21.99,21.99,2128029000000,Hrana,21.99
Èarli Deterdžent za posuðe SK1,6907576,0.923,900ml,Boca,,2.39,2.66,3850111304095,Sredstva za èišæenje,2.39
"Lješnjak cijeli, 300g",6907608,0.3,300g,Pakovanje,,3.99,13.3,8671020170206,Hrana,3.99
Èaj od kamilice RFA,6907623,0.03,30g,Kart. na prekl.,Lord Nelson,0.49,0.49,4056489925118,Piæe,0.49
Borotalco Dezodorans u spreju SK1,6907698,0.09,150ml,Pakovanje,,3.49,23.27,8002410041866,Kozmetika,3.89
Palmolive Šampon SK2,6907702,0.363,350ml,PET-Boca,,3.55,10.14,8714789880488,Kozmetika,3.55
Palmolive Šampon SK2,6907702,0.363,350ml,PET-Boca,,3.55,10.14,8718951577008,Kozmetika,3.55
Deterdžent u krutom stanju,6907806,0.1,1komad,Pakovanje,,4.79,4.79,3857500138606,Sredstva za èišæenje,4.79
Pan Zlatni svijetlo pivo 5%,6907815,4,"8x0,5l",Limenka,,7.79,1.95,3858887584604,Piæe,7.79
NN Izbjeljivaè,6907861,1.04,1l,PET-Boca,,1.45,1.45,3850376488721,Sredstva za èišæenje,1.45
"Juneæa leða s kosti, cca. 700g",6907867,1,ca. 700g,Atmos-Pakiranje,-,11.79,11.79,2896430000000,Hrana,11.79
"'z bregov Tekuæi jogurt 2,8% m.m.",6901015,1,1kg,PET-Boca,,2.42,2.42,3850108037388,Hrana,2.42
"'z bregov Svježe mlijeko 3,2% m.m.",6901020,1.75,"1,75l",PET-Boca,,2.42,1.38,3850108011760,Hrana,2.42
BO Krafna èokolada,6901029,0.07,70g,Rasuto,,0.45,6.43,3859888751989,Hrana,0.45
Kinder Èokolada 12 komada,6901037,0.15,150g,Pakovanje,,1.99,13.27,8000500141601,Hrana,1.99
Buket Pup Ruža,6901068,0.059,1komad,Pakovanje,,3.69,3.69,3858892743669,Proizvodi za kuæanstvo,3.69
"Sok od prešanih jabuka XXL, mutni",6901202,5,5l,Pakovanje,Okusi zavièaja,4.49,0.9,20661571,Piæe,4.49
Tuš za oèi SK3 ,0120329,0.006,1komad,Pakovanje,Cien Beauty,2.35,2.35,20907983,Kozmetika,2.35
Chips SK2,0120701,0.2,200g,Vrecica,Alpenfest,1.79,8.95,20778187,Hrana,1.59
Chips SK2,0120701,0.2,200g,Vrecica,Alpenfest,1.79,8.95,20778286,Hrana,1.59
Instant juha od rajèice (bez GMO),0121213,0.02,20g,Pakovanje,Kania,0.39,0.39,20800130,Hrana,0.39
Kokošja juha s tjesteninom,0121217,0.066,66g,Pakovanje,Kania,0.69,10.45,20800048,Hrana,0.69
Pileæi medaljoni,0121397,0.2,200g,Pakovanje,,2.39,11.95,20804251,Hrana,2.39
Višenamjenske vlažne maramice,0121962,0.498,100komad,Pakovanje,W5,1.49,0.01,20877989,Proizvodi za kuæanstvo,1.49
Višenamjenske vlažne maramice,0121962,0.498,100komad,Pakovanje,W5,1.49,0.01,4056489268413,Proizvodi za kuæanstvo,1.49
Magnezij direkt u gran. s ok. brus.,0179590,0.03,20komad,Kart. na prekl.,Optisana,1.99,0.1,4056489694427,Hrana,1.99
Spring rolls SK3 ,0179946,0.4,400g,Kart. na prekl.,Vitasia,2.99,7.48,20102371,Hrana,2.99
Mix za kolaèe SK1,0180333,0.293,"285g,300g",Kart. na prekl.,Belbake,2.09,7.33,4056489708704,Hrana,2.09
Mix za kolaèe SK1,0180333,0.293,"285g,300g",Kart. na prekl.,Belbake,2.09,6.97,4056489708704,Hrana,2.09
Tvrdi bomboni SK1,0180452,0.095,"80g, 100g",Vrecica,Amanie,1.09,10.9,4056489713357,Hrana,1.09
Tvrdi bomboni SK1,0180452,0.095,"80g, 100g",Vrecica,Amanie,1.09,13.63,4056489713364,Hrana,1.09
"Ulošci s Aloe Vera, SK1",0180483,0.167,"20komad,24komad,28komad",Pakovanje,Siempre,2.09,0.09,4056489713586,Proizvodi za kuæanstvo,2.09
"Ulošci s Aloe Vera, SK1",0180483,0.167,"20komad,24komad,28komad",Pakovanje,Siempre,2.09,0.09,4056489726333,Proizvodi za kuæanstvo,2.09
Rižini rezanci,0180657,0.2,200g,Vrecica,Vitasia,1.79,8.95,4056489714507,Hrana,1.79
Slatki desert u kantici 30kom,0180774,0.65,650g,Kanta,Mister Choc,5.39,8.29,4056489715269,Hrana,5.39
BO Pšenièni bijeli kruh,0180897,0.28,250g,Rasuto,-,1.49,5.96,4054622011698,Hrana,1.49
Fitness Bowl SK1,0181184,0.4,400g,Plitica,Culinea,2.89,7.23,4056489723271,Hrana,2.89
Mlijeèno žitna ploèica SK1,0181341,0.212,"9x23,5g",Pakovanje,Mister Choc,3.14,14.85,4056489724186,Hrana,3.49
Proteinski miks za palaèinke SK1,0182807,0.15,150g,Vrecica,Belbake,2.49,16.6,4056489751403,Hrana,2.49
Easy snack XXL SK1,0183860,0.725,"700g,750g",Pakovanje,Culinea,6.99,9.99,4056489754985,Hrana,6.99
Easy snack XXL SK1,0183860,0.725,"700g,750g",Pakovanje,Culinea,6.99,9.32,4056489754985,Hrana,6.99
Sladoled SK92,0185764,0.508,1000ml,Plitica,Bon Gelati,3.49,3.49,4056489657156,Hrana,3.49
Kava Royal RFA 100% Robusta,0186195,0.2,200g,Staklo,Bellarom,6.19,30.95,20113148,Piæe,6.99
Tijesto za pizzu,0186217,0.6,600g,Kart. na prekl.,Italiamo,2.29,3.82,4056489798477,Hrana,2.29
Hummus XXL SK1,0167094,0.3,300g,Posudica,Chef Select,1.39,4.63,4056489550389,Hrana,1.39
Wrap punjenje SK1,0167261,0.4,400g,Limenka,El Tequito,2.69,6.73,4056489290810,Hrana,2.69
Tekuæi deterdžent (F) 30 pranja SK1,0167396,1.521,"1,5l",PET-Boca,Formil,3.59,0.12,4056489497196,Sredstva za èišæenje,3.59
Azijsko gotovo jelo SK1,0167458,0.36,360g,Posudica,Vitasia,3.69,10.25,4056489291152,Hrana,3.69
Jogurt Natur SK1,0168038,0.15,150g,Posudica,Pilos,0.55,3.67,4056489516040,Hrana,0.55
Jogurt Natur SK1,0168038,0.15,150g,Posudica,Pilos,0.55,3.67,4056489516064,Hrana,0.55
Mesni sir XXL SK1,0168204,0.492,"450g,500g",Atmos-Pakiranje,Dulano,3.99,8.87,4056489520283,Hrana,3.99
Mesni sir XXL SK1,0168204,0.492,"450g,500g",Atmos-Pakiranje,Dulano,3.99,7.98,4056489520283,Hrana,3.99
Smrznuti sir za peèenje SK1,0168239,0.25,250g,Kart. na prekl.,El Tequito,2.49,9.96,20831271,Hrana,2.49
Nuggetsi èili-sir,0168243,0.3,300g,Kart. na prekl.,El Tequito,2.39,7.97,4056489530749,Hrana,2.39
Mozzarella ribana,0129674,0.25,250g,Vrecica,Milbona,2.65,10.6,4335619092037,Hrana,2.65
Grill sir SK2,0129767,0.2,200g,Pakovanje,Grillmeister,2.19,10.95,4056489202615,Hrana,2.19
Petit Brie,0130224,0.5,500g,Pakovanje,Duc de Coeur,5.59,11.18,4056489203469,Hrana,5.59
Claudel/Istara Sirni specijaliteti,0130333,0.195,"150g,200g,220g",Pakovanje,,2.99,14.95,20611194,Hrana,2.99
Chicken Nuggets s umakom,0130339,0.3,300g,Kart. na prekl.,-,3.49,11.63,20951337,Hrana,3.49
Grill party kobasica,0130423,0.45,450g,Vakumir. pakov.,Alpenfest,4.49,9.98,20954673,Hrana,4.08
Grickalice za pse SK1,0130809,0.16,"100g,150g,200g",Vrecica,Orlando,0.89,4.45,20971588,Proizvodi za kuæanstvo,0.89
Double burger SK1,0130913,0.3,300g,Atmos-Pakiranje,MCENNEDY,2.69,8.97,20974954,Hrana,2.69
Baguettes XXL SK1,0131007,0.525,3x175g,Vrecica,Chef Select,2.79,5.31,4056489447573,Hrana,2.79
Baguettes XXL SK1,0131007,0.525,3x175g,Vrecica,Chef Select,2.79,5.31,4056489447580,Hrana,2.79
Višenamjenski stilizator,0426579,0.21,1ST,Pakovanje,,10,10,4058143079700,Kozmetika,10
Podravka Ajvar blagi,6903467,0.69,690g,Staklo,,2.99,4.33,3850104051012,Hrana,2.99
Multivita Direct SK5,6903521,0.03,"30g,37,5g",Sortirano,,4.59,4.59,3858881248076,Hrana,4.59
Multivita Direct SK5,6903521,0.03,"30g,37,5g",Sortirano,,4.59,4.59,3858881248748,Hrana,4.59
Multivita Direct SK5,6903521,0.03,"30g,37,5g",Sortirano,,4.59,4.59,3858881248816,Hrana,4.59
Duracell Basic K5 SK2,6903598,0.095,5komad,Pakovanje,,6.49,1.3,5000394090316,Proizvodi za kuæanstvo,6.49
Nivea Sun P&B Ulje u spreju ZF20,6903613,0.2,200ml,PET-Boca,,15.99,79.95,4005900118165,Kozmetika,15.99
Frondi maxi nougat vafel,6903648,0.25,250g,Kart. na prekl.,,2.45,9.8,3850102002221,Hrana,2.45
President mladi kajmak,6903655,0.25,250g,Pakovanje,,3.99,15.96,8606002112684,Hrana,3.99
Whiskas Hrana za maèke SK,0001024,0.34,4x85g,Pakovanje,,2.75,8.09,5900951301841,Proizvodi za kuæanstvo,2.75
Domaæa kobasica,0001046,0.3,300g,Vakumir. pakov.,Okusi zavièaja,2.49,8.3,20539122,Hrana,3.49
Draže bomboni SK2,0001074,0.016,16g,Pakovanje,Amanie,0.35,0.35,20378561,Hrana,0.39
Mucho Mas bijelo vino,0207284,0.75,"0,75l",Boca,,3.99,5.32,8410702055635,Piæe,3.99
Bijelo vino Chardonnay,0207287,0.75,"0,75l",Boca,,3.69,4.92,8003625056386,Piæe,3.69
Alpska kobasica rezana,0207365,0.14,140g,Atmos-Pakiranje,Alpenfest,1.99,14.21,4335619023253,Hrana,1.59
Zottarella Rolle Classic,0207375,0.25,250g,Vrecica,,1.65,6.6,4014500509563,Hrana,1.65
Kapsule za pranje rublja SK4,0207435,0.756,36x21g,Box,Formil,8.99,11.89,4335619023499,Sredstva za èišæenje,8.99
"Kapsule za pranje rublja 3u1, SK1",0207441,0.598,34x13g,Vrecica,Formil,6.49,14.68,4335619023659,Sredstva za èišæenje,6.49
BO Donut s punjenjem od vanilije,0207509,0.067,67g,Rasuto,,0.59,8.81,4335619009080,Hrana,0.59
Grill umak SK2,0207925,0.265,240ml,Boca,Deluxe,1.78,7.42,4335619031258,Hrana,1.78
Veganski medaljoni s umakom,0207940,0.3,300g,Kart. na prekl.,Vemondo,2.69,8.97,4335619031340,Hrana,2.69
Salata od tune SK10,0208290,0.22,220g,Limenka,Vitasia,2.49,11.32,4335619036086,Hrana,2.49
"Vodka 17,5% SK1",0208355,0.682,"0,7l",Boca,Rachmaninoff,4.29,6.13,4304493270909,Piæe,4.29
Riblji Tapas SK33,0208479,0.1,100g,Atmos-Posudica,El Tequito,2.49,24.9,4335619036765,Hrana,2.13
Èistaè koènica / dijelova,0208719,0.352,500ml,Limenka,W5,2.59,5.18,4335619040922,Sredstva za èišæenje,2.59
"""N"" WC osvježivaè 4x40g SK1",0209303,0.16,4x40g,Pakovanje,,0.99,6.19,4056489882053,Sredstva za èišæenje,0.99
Sauvignon Blanc Italia Frizzante,0209840,0.2,"0,2l",Limenka,-,0.79,3.95,4335619045996,Piæe,0.79
Pasta za zube Trend SK2,0210471,0.06,100ml,Tuba,Dentalux,0.77,7.7,4056489751090,Kozmetika,0.85
Njega lica SK1,0210714,0.118,"125ml,30ml,50ml",Sortirano,Cien,2.09,16.72,4335619061750,Kozmetika,2.09
Njega lica SK1,0210714,0.118,"125ml,30ml,50ml",Sortirano,Cien,2.09,69.67,4335619061767,Kozmetika,2.09
Njega lica SK1,0210714,0.118,"125ml,30ml,50ml",Sortirano,Cien,2.09,16.72,4335619061767,Kozmetika,2.09
Njega lica SK1,0210714,0.118,"125ml,30ml,50ml",Sortirano,Cien,2.09,41.8,4335619061774,Kozmetika,2.09
Njega lica SK1,0210714,0.118,"125ml,30ml,50ml",Sortirano,Cien,2.09,41.8,4335619061781,Kozmetika,2.09
Premium pizza SK1,0211831,0.42,"430g,427g,403g",Kart. na prekl.,Deluxe,3.72,9.23,4335619069862,Hrana,3.72
"Käsewelt gouda, cca.3kg",0211915,1,ca. 3kg,Pakovanje,,5.99,5.99,2802219000000,Hrana,5.99
Papar u mlincu SK2,0212395,0.087,"90g,85g",Staklo,Deluxe,3.52,41.41,4335619266179,Hrana,3.52
Deterdžent za rublje 100pr SK4,0213225,5.05,5l,PET-Boca,Maxitrat,7.69,7.69,4056489989370,Sredstva za èišæenje,7.69
Tekuæi sapun SK3,0214160,0.524,500ml,PET-Boca,Cien,1.19,2.38,4056489622628,Kozmetika,1.19
Premium salama SK6,0215152,0.1,100g,Atmos-Pakiranje,Deluxe,1.99,19.9,20331122,Hrana,1.99
BO Ciabatta s maslinovim uljem,0215253,0.3,300g,Vrecica,,2.49,8.3,4335619100725,Hrana,2.49
Tart sa sirom/ribanim tijestom SK44,0215581,1.25,1250g,Kart. na prekl.,Alpenfest,5.39,4.31,20365264,Hrana,4.99
Punjena tjestenina SK1,0215713,0.25,250g,Plitica,Alpenfest,1.99,7.96,4056489290407,Hrana,1.79
Veganski njoki SK1,0215733,0.5,"400g,600g",Vrecica,Vemondo,1.29,2150,4056489706311,Hrana,1.29
Perlice za pranje SK1,0216201,0.24,195g,Boca,Doussy,2.83,14.51,4335619104754,Sredstva za èišæenje,2.83
Štapiæi za dentalnu njegu pasa SK1,0216941,0.27,270g,Vrecica,Orlando,1.49,5.52,4335619110304,Proizvodi za kuæanstvo,1.49
Violeta Baby pelene Maxi 4,6908222,3.684,120komad,Pakovanje,,19.99,0.17,3870128032965,Proizvodi za kuæanstvo,19.99
Voal Šampon za pranje kose Kamilica,6908247,1.01,1l,Pakovanje,,1.09,1.09,3858890127805,Kozmetika,1.09
Promes Cvanciger Sisaèka salama,6908248,0.5,500g,Vakumir. pakov.,,9.49,18.98,3859891518623,Hrana,9.49
Pikant salama,6908256,0.5,500g,Atmos-Pakiranje,Pikok,3.99,7.98,4056489925828,Hrana,3.99
Nivea Body Milk SK1,6908305,0.39,400ml,PET-Boca,,6.65,16.63,9005800286778,Kozmetika,6.65
Nivea Soft krema,6908310,0.293,300ml,Kozm.posudica,,7.39,24.63,4005808760466,Kozmetika,7.39
Nivea Dezodorans SK1,6908316,0.155,250ml,Limenka,,6.29,25.16,9005800367477,Kozmetika,6.29
"Andro šunka, narezak",6908347,0.5,500g,Vakumir. pakov.,,6.89,13.78,3858892822791,Hrana,6.89
Indomie Instatnt juha okus govedina,6908367,0.35,5x70g,Pakovanje,,2.09,5.97,8606108584132,Hrana,2.09
Punjena pljeskavica pance. i sirom,6908414,0.465,465g,Atmos-Pakiranje,Naša mesnica,4.69,10.09,4056489926115,Hrana,4.69
"Paulaner Pšenièno pivo 5,5%",6908416,2,"4x0,5l",Limenka,,5.59,2.8,4066600392811,Piæe,5.59
Sensation Tonic,6908440,1.541,"1,5l",PET-Boca,,1.29,0.86,3875000183278,Piæe,1.29
Kraš Frondi Vafel kokos,6908447,0.25,250g,Pakovanje,,2.45,9.8,3850102010066,Hrana,2.45
Podravka Ajvar ljuti,6908450,0.69,690g,Staklo,,2.99,4.33,3850104050572,Hrana,2.99
Štrukani Vintage pelinkovac 26% vol,6908453,0.5,"0,5l",Boca,,7.99,15.98,3859894287007,Piæe,5.99
Ledo Quattro Plazma sladoled,6908481,0.817,1500ml,Posudica,,4.99,3.33,3850116064291,Hrana,4.99
Maggi Kokošja juha,6908488,0.232,4x58g,Pakovanje,,2.49,10.73,8445291517592,Hrana,2.49
Zorina mast Losion za sunèanje SK1,6908550,0.23,200ml,PET-Boca,,9.49,47.45,3859894008152,Kozmetika,9.49
Zorina mast Los. za nje. tijela SK1,6908555,0.3,300ml,PET-Boca,,6.99,23.3,3859894008015,Kozmetika,6.99
Podravka Kviki Gric,6908564,0.25,250g,Vrecica,,1.89,7.56,3856020273729,Hrana,1.89
Losion za tijelo SK7,0098716,0.412,400ml,PET-Boca,Cien,2.39,5.98,20516468,Kozmetika,2.39
Losion za tijelo SK7,0098716,0.412,400ml,PET-Boca,Cien,2.39,5.98,4335619081048,Kozmetika,2.39
BB Krema za lice SK5,0098901,0.052,50ml,Kart. na prekl.,Cien,2.64,52.8,4056489036265,Kozmetika,2.69
Jasmin riža,0098996,2,2kg,Vreca,Vitasia,5.49,2.75,20565374,Hrana,5.49
BENGAL Spirala protiv komaraca,0099017,0.122,10komad,Pakovanje,,0.99,0.1,8008090602250,Proizvodi za kuæanstvo,0.99
Kutija za nakit,0455552,0.206,1ST,Pakovanje,Esmara,3,3,4335633004344,Kozmetika,3
Friskies hrana za maèke,0000499,1.02,12x85g,Pakovanje,,6.09,5.97,7613036974301,Proizvodi za kuæanstvo,6.09
Nescafé Classic 200g+20g gratis,0000512,0.22,220g,Staklo,,6.49,29.5,7891000365779,Piæe,6.49
Always Ultra Quattro ulošci SK,0000536,0.165,"40komad,24komad,28komad,20komad",Pakovanje,,4.99,0.25,8006540211380,Proizvodi za kuæanstvo,4.99
Always Ultra Quattro ulošci SK,0000536,0.165,"40komad,24komad,28komad,20komad",Pakovanje,,4.99,0.21,8006540903766,Proizvodi za kuæanstvo,4.99
Always Ultra Quattro ulošci SK,0000536,0.165,"40komad,24komad,28komad,20komad",Pakovanje,,4.99,0.12,8006540903766,Proizvodi za kuæanstvo,4.99
Always Dailies Dnevni ulošci SK,0000537,0.123,"52komad,44komad,58komad",Pakovanje,,2.99,0.06,4015400563846,Proizvodi za kuæanstvo,2.99
Always Dailies Dnevni ulošci SK,0000537,0.123,"52komad,44komad,58komad",Pakovanje,,2.99,0.07,8006540791394,Proizvodi za kuæanstvo,2.99
Naturella Ultra ulošci SK,0000538,0.148,"40komad,32komad,28komad",Pakovanje,,4.79,0.17,4015400197546,Proizvodi za kuæanstvo,4.79
Naturella Ultra ulošci SK,0000538,0.148,"40komad,32komad,28komad",Pakovanje,,4.79,0.15,8006540399569,Proizvodi za kuæanstvo,4.79
Old Spice gel za tuširanje i šampon,0000610,1.049,1l,PET-Boca,,5.99,5.99,8006540818824,Kozmetika,5.99
Ariel prašak Color 80 pranja,0000657,4.4,"4,4kg",Pakovanje,,20.99,4.77,8006540940693,Sredstva za èišæenje,20.99
"Ariel kapsule complete, 60kom",0000666,1.578,60komad,Pakovanje,,23.99,0.4,8006540800331,Sredstva za èišæenje,23.99
Listerine Vodica za isp. usta SK,0000679,0.75,750ml,PET-Boca,,7.99,10.65,3574661747293,Kozmetika,7.99
Fa Gel za tuširanje SK4,0000719,0.77,750ml,PET-Boca,Henkel,4.99,6.65,5201143728942,Kozmetika,4.99
Schauma šampon SK2,0000720,0.77,750ml,Dozator,Henkel,6.99,9.32,9000101681185,Kozmetika,6.99
Perwoll tekuæi deterdž. Black 60pr,0000753,3.087,3l,PET-Boca,Henkel,11.49,3.83,9000101809527,Sredstva za èišæenje,11.49
Persil Discs 4in1 Universal,0000759,0.891,54komad,Samost.vreca,Henkel,15.29,0.28,9000101801323,Sredstva za èišæenje,15.29
Ledeni èaj limun,0000802,0.5,"0,5l",PET-Boca,Freeway,0.65,1.3,4056489271765,Piæe,0.65
"Multivitaminsko piæe 12,5%",0000820,0.5,"0,5l",PET-Boca,-,0.79,1.58,4056489338017,Piæe,0.79
Kellogg’s Granola Crunchy Nut Class,0000831,0.38,380g,Vrecica,,2.99,7.87,5059319020334,Hrana,2.99
Mlijeèni desert SK21,0001004,0.515,900ml,Plitica,Bon Gelati,3.49,3.88,20106904,Hrana,3.49
Mlijeèni desert SK21,0001004,0.515,900ml,Plitica,Bon Gelati,3.49,3.88,20127985,Hrana,3.49
Mlijeèni desert SK21,0001004,0.515,900ml,Plitica,Bon Gelati,3.49,3.88,20288075,Hrana,3.49
"Filet lososa s kožom, cca. 200-400g",0124551,1,ca. 200-400g,Pakovanje,-,19.99,19.99,2895638000000,Hrana,19.99
Èips SK2,0125540,0.2,200g,Vrecica,Eridanous,1.69,8.45,20871864,Hrana,1.59
Balkanski sir SK1,0125611,0.15,150g,Vakumir. pakov.,NOSTJA,1.79,11.93,20872298,Hrana,1.79
"BIO Pasirana rajèica 8,5 Brix",0126009,0.5,500g,Pakovanje,Baresa,1.09,2.18,20884260,Hrana,1.09
Mlijeèna èokolada s lješnjakom,0126585,0.3,300g,Pakovanje,Fin Carré,4.59,15.3,20892302,Hrana,4.99
Hrana za pse [SC] SK6,0126679,0.15,150g,Plitica,Orlando Gourmet,0.65,4.33,20861360,Proizvodi za kuæanstvo,0.65
Remington Pegla za kosu,0462342,0.426,1ST,Pakovanje,,14.99,14.99,5038061136470,Kozmetika,14.99
Remington Aparat za šišanje,0462343,0.44,1ST,Pakovanje,,7,7,5038061142198,Kozmetika,7
Kutija za nakit,0458585,0.172,1ST,Pakovanje,Cien BEAUTY,3,3,4335747008740,Kozmetika,3
"Ukrasi za lice, kosu i nokte",0458590,0.023,1ST,Pakovanje,Cien BEAUTY,0.5,0.5,4335747045653,Kozmetika,0.5
"Ukrasi za lice, kosu i nokte",0458590,0.023,1ST,Pakovanje,Cien BEAUTY,0.5,0.5,4335747045738,Kozmetika,0.5
Baby vlažne maramice 99% voda,0195945,0.411,80komad,Pakovanje,Lupilu,1.59,0.02,4056489916475,Proizvodi za kuæanstvo,1.59
Jogurt s Yuzu SK1,0196202,0.15,150g,Posudica,Vitasia,0.59,3.93,4056489917663,Hrana,0.59
Proljetne rolice,0197734,0.55,550g,Pakovanje,Vitasia,3.79,6.89,4056489955139,Hrana,3.99
"Grickalice za maèke, SK4",0198601,0.15,150g,Vrecica,Coshida,1.29,8.6,4056489928225,Proizvodi za kuæanstvo,1.29
Bio voæna kašica SK1,0199176,0.4,4x100g,Kart. na prekl.,Lupilu,2.39,5.98,4056489691440,Hrana,2.19
Komadiæi èokolade SK6,0199327,0.1,100g,Kart. na prekl.,Belbake,2.49,24.9,4056489005827,Hrana,2.49
Komadiæi èokolade SK6,0199327,0.1,100g,Kart. na prekl.,Belbake,2.49,24.9,4056489609308,Hrana,2.49
Termo vreæica Eco,0199385,0.101,1komad,Nepakirano,-,0.89,0.89,4056489940265,Proizvodi za kuæanstvo,0.89
Termo vreæica Eco,0199385,0.101,1komad,Nepakirano,-,0.89,0.89,4335619020887,Proizvodi za kuæanstvo,0.89
"Zeleni èaj ""Japanski stil"" SK1",0199540,0.04,20x2g,Kart. na prekl.,Vitasia,1.99,1.99,4056489947097,Piæe,1.99
Premium pelene midi vel. 3,0199590,1.3,54komad,Pakovanje,Lupilu,6.99,0.13,4056489947363,Proizvodi za kuæanstvo,6.99
Premium pelene junior vel. 5,0199592,1.18,39komad,Pakovanje,Lupilu,6.99,0.18,4056489947387,Proizvodi za kuæanstvo,6.99
"Radler grejp 2,5% Vol.",0199932,0.5,"0,5l",Limenka,Perlenbacher,0.89,1.78,4304493270053,Piæe,0.79
Žitne kuglice sa èokoladom,0201036,0.5,500g,Vrecica,Crownfield,1.99,3.98,4056489963042,Hrana,1.99
Bistra juha sa slovima,0201843,0.075,75g,Vrecica,Kania,0.79,10.53,4056489984443,Hrana,0.79
Burnia SK1,0202065,0.25,460ml,PET-Boca,Deluxe,5.14,11.17,4056489988618,Hrana,5.14
Zobeni napitak,0202536,1.036,1000ml,Karton,Vemondo,1.49,1.49,4056489989363,Hrana,1.49
Kotanyi Zaèini za roštilj,0202883,0.08,80g,Limenka,,1.99,24.88,9001414003275,Hrana,1.99
Kotanyi Quick & Easy SK2,0203026,0.033,"25g,26g,30g,35g,40g",Vrecica,,0.69,0.69,9001414237236,Hrana,0.69
Pileæi nuggets s povræem SK1,0203251,0.3,300g,Kart. na prekl.,Culinea,2.49,8.3,4056489997047,Hrana,2.49
Double sladoled na štapiæu SK16,0203637,0.288,"4x85ml,4x90ml",Kart. na prekl.,Gelatelli,4.49,13.21,4335619173262,Hrana,4.49
Double sladoled na štapiæu SK16,0203637,0.288,"4x85ml,4x90ml",Kart. na prekl.,Gelatelli,4.49,12.47,4335619173262,Hrana,4.49
Grèki umaci SK1,0204413,0.19,190g,Staklo,Eridanous,2.14,11.26,4335619011304,Hrana,Nije_bilo_u_prodaji_02.05.2025
Beauty Shot Collagen,0204923,0.155,150ml,Limenka,Solevita,0.89,5.93,4335619012929,Hrana,0.89
Humus SK56,0205149,0.175,175g,Plitica,Chef Select,1.19,6.8,4056489961338,Hrana,1.19
Humus SK56,0205149,0.175,175g,Plitica,Chef Select,1.19,6.8,4056489961352,Hrana,1.19
Smrznuto voæe XXL SK7,0205394,0.925,"1000g,750g",Vrecica,Freshona,4.49,4.49,20535179,Hrana,4.49
Smrznuto voæe XXL SK7,0205394,0.925,"1000g,750g",Vrecica,Freshona,4.49,5.99,20535186,Hrana,4.49
Smrznuto voæe XXL SK7,0205394,0.925,"1000g,750g",Vrecica,Freshona,4.49,4.49,20535193,Hrana,4.49
XXL Zaèin za salatu u limenci SK1,0205405,0.154,"140g,155g,160g,165g",Limenka,Kania,2.99,21.36,4335619015227,Hrana,2.99
XXL Zaèin za salatu u limenci SK1,0205405,0.154,"140g,155g,160g,165g",Limenka,Kania,2.99,19.29,4335619015234,Hrana,2.99
XXL Zaèin za salatu u limenci SK1,0205405,0.154,"140g,155g,160g,165g",Limenka,Kania,2.99,18.12,4335619015234,Hrana,2.99
XXL Zaèin za salatu u limenci SK1,0205405,0.154,"140g,155g,160g,165g",Limenka,Kania,2.99,21.36,4335619015241,Hrana,2.99
Müsli proteinski prutiæ 26%,0206324,0.135,3x45g,Pakovanje,Crownfield,2.59,19.19,4335619073494,Hrana,3.49
Mlijeèni desert Amerika SK1,0206709,0.5,900ml,Posudica,Bon Gelati,4.49,4.99,4335619021228,Hrana,4.49
Zott Monte Maxi Original,0206837,0.4,4x100g,Posudica,,2.52,6.3,40145389,Hrana,2.52
JAFFA Kornet jagoda,0206917,0.498,6x120ml,Kart. na prekl.,-,4.99,6.93,4335619021303,Hrana,4.99
Green Story Namaz od povræa SK1,5549128,0.18,180g,Staklo,,1.69,9.39,5900012012372,Hrana,1.69
Gel za tuširanje SK1,5549442,0.52,500ml,PET-Boca,Cien,1.29,2.58,4056489662310,Kozmetika,1.29
Miris za auto SK3,5552010,0.016,1komad,Pakovanje,W5,1.29,1.29,4056489716617,Sredstva za èišæenje,1.29
Lampion Kalia 80g/30h,5552194,0.43,1komad,Nepakirano,-,2.25,2.25,4056489663775,Proizvodi za kuæanstvo,2.25
Mlij. èok. punj. nougat/praline SK1,5553469,0.1,100g,Tabla,,0.85,8.5,5904358566551,Hrana,0.85
"Gel za tuširanje, SK2",5554705,1.025,1l,Pakovanje,Cien,1.61,1.61,4056489783701,Kozmetika,1.89
"Gel za tuširanje, SK2",5554705,1.025,1l,Pakovanje,Cien,1.61,1.61,4056489783718,Kozmetika,1.89
BO Donut s punjenjem od vanilije,5555304,0.066,66g,Rasuto,,0.59,8.94,4056489784678,Hrana,0.59
Giros od povræa,5556264,0.15,150g,Atmos-Pakiranje,Vemondo,2.09,13.93,4056489813842,Hrana,2.09
Topljeni sir u listiæima SK1,5557931,0.25,250g,Pakovanje,Pilos,1.99,7.96,5901126014115,Hrana,1.99
Piæe od više vrsta voæa SK1,5561128,0.411,"0,4l",PET-Boca,Solevita,0.99,2.48,4335619008250,Piæe,0.99
Piæe od više vrsta voæa SK1,5561128,0.411,"0,4l",PET-Boca,Solevita,0.99,2.48,4335619008267,Piæe,0.99
Sred. za pra. posuð. u gel kon. SK1,5564310,1.03,1l,PET-Boca,W5,1.79,1.79,4335619007109,Sredstva za èišæenje,1.79
Deterdžent za posuðe SK1,5568840,1.538,"1,5l",PET-Boca,W5,1.59,1.06,4335619095106,Sredstva za èišæenje,Nije_bilo_u_prodaji_02.05.2025
Voæni sapun SK2,5568852,0.09,90g,Pakovanje,Cien,0.35,3.89,4335619189508,Kozmetika,0.35
Krem sapun SK1,5568858,0.15,150g,Pakovanje,Cien,0.79,5.27,4335619189522,Kozmetika,Nije_bilo_u_prodaji_02.05.2025
Mlijeèna èokolada,5574065,0.1,100g,Pakovanje,,1.09,10.9,5905858676238,Hrana,1.09
Mlijeèna èokolada s kikirikijem,5574098,0.1,100g,Pakovanje,,1.09,10.9,5905858676245,Hrana,1.19
Sušilo za kosu,0444847,0.492,1ST,Pakovanje,Silvercrest Personal Care,5,5,4335747079801,Kozmetika,5
Turpije za stopala,0444865,0.052,1ST,Pakovanje,Cien BEAUTY,0.5,0.5,4335633058095,Kozmetika,0.5
Pribor za kozmetiku i manikuru,0444866,0.034,1ST,Pakovanje,Cien BEAUTY,1,1,4335633058163,Kozmetika,1
Pribor za kozmetiku i manikuru,0444866,0.034,1ST,Pakovanje,Cien BEAUTY,1,1,4335633058170,Kozmetika,1
Pribor za kozmetiku i manikuru,0444866,0.034,1ST,Pakovanje,Cien BEAUTY,1,1,4335633058194,Kozmetika,1
Pribor za kozmetiku i manikuru,0444866,0.034,1ST,Pakovanje,Cien BEAUTY,1,1,4335633058200,Kozmetika,1
Èetka za kosu,0444892,0.093,1ST,Pakovanje,Cien BEAUTY,1,1,4335633058293,Kozmetika,1
Èetka za kosu,0444892,0.093,1ST,Pakovanje,Cien BEAUTY,1,1,4335633058309,Kozmetika,1
Èetka za kosu,0444892,0.093,1ST,Pakovanje,Cien BEAUTY,1,1,4335633058330,Kozmetika,1
Umak za salatu sort. SK3,0013078,0.315,300ml,Boca,McEnnedy,1.69,5.63,20148690,Hrana,1.69
Umak za salatu sort. SK3,0013078,0.315,300ml,Boca,McEnnedy,1.69,5.63,20816599,Hrana,1.69
Sprej za kontrolnu ploèu,0013095,0.186,300ml,Limenka,W5,1.49,4.97,20010782,Sredstva za èišæenje,1.49
Sred. za èišæenje stakla,0013097,0.262,300ml,Limenka,W5,1.29,4.3,20011833,Sredstva za èišæenje,1.29
Odstranjivaè hrðe,0013099,0.203,300ml,Limenka,W5,1.79,5.97,4056489197942,Sredstva za èišæenje,1.79
"Bijeli rum 37,5% vol.",0013242,0.67,"0,7l",Boca,James Cook,5.99,8.56,4304493262249,Piæe,5.99
Kozmetièko ogledalo,0467761,0.751,1ST,Pakovanje,Cien BEAUTY,5,5,4335753099336,Kozmetika,5
Kutija za nakit,0483168,0.067,1ST,Pakovanje,Esmara,1,1,4052916228210,Kozmetika,3.99
Tuš za usta,0452780,0.401,1ST,Pakovanje,Nevadent,12.49,12.49,4335754012709,Kozmetika,12.49
Rašpica za nokte,0452800,0.023,1ST,Pakovanje,Cien BEAUTY,0.5,0.5,4335754041679,Kozmetika,0.5
Rašpica za nokte,0452800,0.023,1ST,Pakovanje,Cien BEAUTY,0.5,0.5,4335754041686,Kozmetika,0.5
Rašpica za nokte,0452800,0.023,1ST,Pakovanje,Cien BEAUTY,0.5,0.5,4335754041709,Kozmetika,0.5
Èetka za kosu,0452819,0.069,1ST,Pakovanje,Cien BEAUTY,1,1,4335753097417,Kozmetika,1
Aparat za brijanje,0452961,0.265,1ST,Pakovanje,Silvercrest Personal Care,7,7,4335753013196,Kozmetika,7
Aku odstranjivaè rožnate kože,0452968,0.223,1ST,Pakovanje,Silvercrest Personal Care,5,5,4335753098476,Kozmetika,5
Èetka za kosu,0460370,0.105,1ST,Pakovanje,Cien BEAUTY,1,1,4335815035722,Kozmetika,1
Handcooked chips SK2,6903902,0.125,125g,Vrecica,Snack Day,1.29,10.32,4056489612131,Hrana,1.29
Eva Tuna salata Kus Kus,6903961,0.16,160g,Limenka,,1.99,12.44,3856020217730,Hrana,1.99
Uljni gel za tuširanje SK3,6903972,0.26,250ml,PET-Boca,Cien,1.95,7.8,4056489074700,Kozmetika,1.95
Ahmad èaj Engleski doruèak,6903979,0.04,20x2g,Kart. na prekl.,,1.86,1.86,0054881005555,Piæe,1.86
Ferrero Nutellino namaz,6904067,0.03,30g,Staklo,,0.79,0.79,80768937,Hrana,0.79
Ferrero Kinder Country 2 komada,6904068,0.047,47g,Pakovanje,,1.39,1.39,8000500238912,Hrana,1.39
Livanjski sir SK2,6904092,0.3,300g,Atmos-Pakiranje,Pilos,5.99,19.97,4056489073956,Hrana,5.89
Tabasco umak ljuti,6904110,0.06,60ml,Boca,,4.59,76.5,0011210000018,Hrana,4.59
"Kiseli kupus, rezani, OM 435g",6904117,0.5,500g,Vakumir. pakov.,Okusi zavièaja,0.89,2.05,4056489316404,Hrana,0.89
"Kiseli kupus glavica, cca. 1kg",6904118,1,ca 1kg,Vakumir. pakov.,Okusi zavièaja,1.79,1.79,2143902000000,Hrana,1.79
The Natural Krema za lice SK1,6904123,0.05,50ml,Pakovanje,,5.19,103.8,3859893507137,Kozmetika,5.19
Omekšivaè 80 pranja SK6,0170888,1.998,2l,PET-Boca,Doussy,2.99,0.04,4056489982975,Sredstva za èišæenje,2.99
Omekšivaè 80 pranja SK6,0170888,1.998,2l,PET-Boca,Doussy,2.99,1.5,4056489982982,Sredstva za èišæenje,2.99
BO Krafna u obliku srca,0171757,0.057,72g,Rasuto,,0.59,8.19,4056489573081,Hrana,0.59
Grèki jogurt SK3,0171973,0.5,500g,Posudica,Milbona,2.19,4.38,4056489571124,Hrana,2.19
Grèki jogurt SK3,0171973,0.5,500g,Posudica,Milbona,2.19,4.38,4056489571155,Hrana,2.19
High Protein puding SK8,0172111,0.2,200g,Posudica,Milbona,0.99,4.95,4056489273264,Hrana,0.99
Ferrero Rocher Grand,0172394,0.125,125g,Pakovanje,Ferrero,5.29,42.32,8000500373842,Hrana,5.29
Orijentalni èaj SK1,0173294,0.057,"25x2g,25x2,5g",Kart. na prekl.,1001 delights,1.69,33.8,4056489596738,Piæe,1.69
Proteinski kvark XXL SK1,0173558,0.5,500g,Posudica,Milbona,2.29,4.58,4056489601616,Hrana,2.29
Remington Sušilo za kosu,0489555,0.484,1ST,Pakovanje,,7,7,5038061140545,Kozmetika,7
Vrhnje u spreju 30%,7407432,0.25,250g,Limenka,Milbona,2.29,9.16,4056489567714,Hrana,2.29
Dragee jaja,7409370,0.2,200g,Vrecica,Favorina,2.59,12.95,4056489986485,Hrana,2.59
Grill tofu SK3,7504328,0.18,180g,Pakovanje,Grillmeister,0.99,5.5,4056489068839,Hrana,0.87
Grill tofu SK3,7504328,0.18,180g,Pakovanje,Grillmeister,0.99,5.5,4056489068846,Hrana,0.87
"Zaèin za ribu, mljeveno",7508495,0.03,30g,Vrecica,Kania,0.39,0.39,4056489528760,Hrana,0.39
Lisnato tijesto grammel,7511350,0.49,500g,Vrecica,Kuljanka,2.99,5.98,4056489855965,Hrana,2.99
Knedle na bavarski naèin SK2,7700378,0.4,400g,Atmos-Pakiranje,Alpenfest,2.89,7.23,20249519,Hrana,2.19
Knedle na bavarski naèin SK2,7700378,0.4,400g,Atmos-Pakiranje,Alpenfest,2.89,7.23,20249526,Hrana,2.19
Bijele kobasice sa senfom,7700386,0.351,351g,Vakumir. pakov.,Alpenfest,3.29,9.37,20035167,Hrana,3.29
"Schupfnudeln, Eierspätzle SK3",7701209,0.5,500g,Vrecica,Chef Select,2.09,4.18,20809669,Hrana,2.09
"Marin. BBQ steak,b.k. s.k.,cca.500g",6904672,1,ca. 500g,Atmos-Pakiranje,Naša mesnica,5.79,5.79,2836090000000,Hrana,6.99
"Marin. BBQ steak,b.k. s.k.,cca.500g",6904672,1,ca. 500g,Atmos-Pakiranje,Naša mesnica,5.79,5.79,2836092000000,Hrana,6.99
Extra džem SK1,6904682,0.24,240g,Staklo,Deluxe,1.99,8.29,4056489075158,Hrana,1.99
Sirup jabuka,6904697,1.12,1l,PET-Boca,Solevita,2.19,2.19,4304493259379,Piæe,2.19
Èvarci na slavonski,6904737,0.25,250g,Atmos-Pakiranje,Okusi zavièaja,4.64,18.56,4056489074694,Hrana,4.64
Èips rebrasti paprika,6904742,0.25,250g,Vrecica,Snack Day,1.59,6.36,4056489316121,Hrana,1.59
"Svježe pile, cca. 1,6kg",6904754,1,"cca. 1,6 kg",Atmos-Posudica,Naša mesnica,2.69,2.69,2868400000000,Hrana,3.09
Fileti jadran. inæuna u masli.ulju,6904797,0.1,100g,Plitica,Okusi zavièaja,2.39,23.9,4056489075301,Hrana,2.39
Teleæa lopatica bez kosti cca. 1kg,6904848,1,ca. 1kg,Atmos-Pakiranje,Naša mesnica,10.99,10.99,2868430000000,Hrana,12.49
Rebel Natural Protein Whey SK1,6908928,0.7,700g,Vrecica,,21.99,31.41,0634158791086,Hrana,21.99
Nutella Croissant,6908932,0.085,85g,Rasuto,,1.09,12.82,8000500424414,Hrana,1.09
Sljeme Beèka kobasica narezak,6908957,0.08,80g,Atmos-Pakiranje,,1.29,16.13,3850139012385,Hrana,1.29
"z bregov Trajno mlijeko 2,8%",6908975,6,6x1l,Pakovanje,,5.29,0.88,3850108020922,Hrana,5.29
"Jaja, razred M, 10kom.",6908999,0.058,10komad,Pakovanje,,2.29,0.23,20156299,Hrana,2.39
"Jaja, razred M, 10kom.",6908999,0.058,10komad,Pakovanje,,2.29,0.23,4056489612452,Hrana,2.39
"Jaja, razred M, 10kom.",6908999,0.058,10komad,Pakovanje,,2.29,0.23,4056489612469,Hrana,2.39
"Graševina, kvalitetno bijelo vino",6909014,5,5l,Box,,8.99,1.8,8594176393216,Piæe,8.99
Kraš DORINA èokoladica love notes,6909029,0.125,125g,Pakovanje,,3.19,25.52,3850102008834,Hrana,3.19
Violeta Omekšivaè Mystic 62 pranja,6909040,1.55,"1,55l",Boca,,2.99,1.93,3870128039810,Sredstva za èišæenje,3.49
Svježa orada oèišæena XXL,6909052,1,cca. 900g,Atmos-Pakiranje,,10.89,10.89,2809180000000,Hrana,10.89
Docela Husarski keksi,6909084,0.3,300g,Pakovanje,,2.29,7.63,3856020252182,Hrana,2.29
Dolcela Vanilin šeæer,6909087,0.064,8x8g,Vrecica,,0.69,10.78,3856020280086,Hrana,0.69
Dolcela Puding vanilija,6909094,0.111,3x37g,Vrecica,,1.99,17.93,3850104275524,Hrana,1.99
Èvarci,6909105,0.2,200g,Vakumir. pakov.,,3.49,17.45,3859892348335,Hrana,3.49
Turopoljsko Blago Pilsner ,6909122,0.5,"0,5l",Boca,,1.99,3.98,3859894095084,Piæe,1.99
Turopoljsko Zlato Hoppy Lager,6909123,0.5,"0,5l",Boca,,1.99,3.98,3859894095091,Piæe,1.99
Shake Mirisni štapiæi s difuz. SK1,6909174,0.225,1komad,PET-Boca,,4.99,4.99,3858892142646,Sredstva za èišæenje,4.99
Shake Mirisni štapiæi s difuz. SK1,6909174,0.225,1komad,PET-Boca,,4.99,4.99,3858892142653,Sredstva za èišæenje,4.99
Ekoklas Brašno tip 550 glatko,6909190,1,1kg,Pakovanje,,0.99,0.99,3858887100323,Hrana,0.99
Ekoklas Brašno tip 1100,6909192,1,1kg,Pakovanje,,0.99,0.99,3858887100330,Hrana,0.99
Maasdamer polutvrdi sir cca. 300g,6909194,1,ca. 300g,Pakovanje,,7.69,7.69,2153401000000,Hrana,7.69
Torterie Macaron Dubai torta,6909202,0.19,220g,Pakovanje,,4.99,22.68,3859894320124,Hrana,4.99
Emmentaler listiæi,6909205,1,1000g,Atmos-Pakiranje,,8.99,8.99,8713734050792,Hrana,11.39
Donat Mg Gazirana mineralna voda,6909239,0.5,"0,5l",PET-Boca,,1.39,2.78,3838600253345,Piæe,1.39
Boom Box Smoothie jab.mang.marak.,6909265,0.2,200g,Pakovanje,,1.69,8.45,3856027801987,Hrana,1.69
Sljeme Šunka u ovitku,6909298,0.35,350g,Stanga,,3.05,8.71,3850139522754,Hrana,3.05
Himalajska kamena sol,7100161,0.42,420g,PET-Boca,Deluxe,3.79,9.02,20443528,Hrana,3.79
Mini salama SK11,5508067,0.12,120g,Atmos-Pakiranje,Pikok,1.69,14.08,20858513,Hrana,1.69
Lak za nokte SK4,5508886,0.009,8ml,Pakovanje,Cien Beauty,1.19,1.19,5901801622635,Kozmetika,1.19
Lak za nokte SK4,5508886,0.009,8ml,Pakovanje,Cien Beauty,1.19,1.19,5901801622703,Kozmetika,1.19
Lak za nokte SK4,5508886,0.009,8ml,Pakovanje,Cien Beauty,1.19,1.19,5901801661702,Kozmetika,1.19
Lak za nokte SK4,5508886,0.009,8ml,Pakovanje,Cien Beauty,1.19,1.19,5901801661726,Kozmetika,1.19
Lak za nokte SK4,5508886,0.009,8ml,Pakovanje,Cien Beauty,1.19,1.19,5901801661764,Kozmetika,1.19
Lak za nokte SK4,5508886,0.009,8ml,Pakovanje,Cien Beauty,1.19,1.19,5901801663751,Kozmetika,1.19
Vafli od riže SK10,5510198,0.1,100g,Vrecica,-,0.89,8.9,20858674,Hrana,0.79
Adventski kalendar,5512510,0.075,75g,Kutija,Favorina,1.15,15.33,5900847005785,Hrana,1.15
Kozmetièki pribor Emily in Paris,0471092,0.029,1ST,Pakovanje,,1,1,4335754012105,Kozmetika,1
Remington Sušilo za kosu,0470229,0.741,1ST,Pakovanje,,19.99,19.99,5038061140590,Kozmetika,19.99
Aranžmani SK1,6908580,1.05,1komad,Pakovanje,,12.99,12.99,3858892744130,Proizvodi za kuæanstvo,12.99
BO Gastro-Somun,6908594,0.2,200g,Rasuto,,0.58,2.9,3858895473389,Hrana,0.58
Cedevita Vitaminska voda limun-kupi,6908596,0.5,"0,5l",PET-Boca,,1.05,2.1,3850322016862,Piæe,1.05
Boom Box Zobeni Smoothie jab. kruš.,6908613,0.2,200g,Pakovanje,,1.69,8.45,3856027801307,Hrana,1.69
Monini Ekstra djev. maslinovo ulje,6908676,1,1l,Staklo,,8.99,8.99,80053835,Hrana,8.99
Sanitar Sredstvo za èišæenje kup.,6908686,1,1l,Boca,,2.49,2.49,3850111505720,Sredstva za èišæenje,2.49
Plidenta Superfresh Retro,6908791,0.11,75ml,Pakovanje,,1.99,26.53,3856007912030,Kozmetika,1.99
Elmex pasta za zube SK1,6908804,0.091,75ml,Pakovanje,,4.15,55.33,8718951470613,Kozmetika,4.15
Palmolive Refill Gel za tuš. SK1,6908820,1.034,1000ml,Vrecica,,4.99,4.99,8718951509566,Kozmetika,4.99
Finish Regular sred. za isp. posuða,6908853,0.81,800ml,PET-Boca,,2.99,3.74,8592326010419,Sredstva za èišæenje,2.99
Tic Tac 100 komada SK1,6908888,0.054,54g,Pakovanje,,1.99,36.85,8000500402597,Hrana,1.99
Burger od lososa,0217086,0.2,200g,Kart. na prekl.,Ocean Sea,3.79,18.95,4335619110908,Hrana,3.79
Tek.det. za pranje rublja SK3 44pr.,0217179,2.288,"2,2l",PET-Boca,Formil,3.99,1.81,4056489997870,Sredstva za èišæenje,3.99
Pasta crvena paprika SK1,0217558,0.35,350g,Staklo,1001 delights,1.61,4.6,4335619112254,Hrana,1.61
Kotanyi zaèini SK71,0217856,0.038,"33g,35g,36g,48g",Staklo,,2.49,51.87,5901032041182,Hrana,2.49
Kotanyi zaèini SK71,0217856,0.038,"33g,35g,36g,48g",Staklo,,2.49,75.45,9001414041185,Hrana,2.49
Kotanyi zaèini SK71,0217856,0.038,"33g,35g,36g,48g",Staklo,,2.49,71.14,9001414041185,Hrana,2.49
Kotanyi zaèini SK71,0217856,0.038,"33g,35g,36g,48g",Staklo,,2.49,69.17,9001414041185,Hrana,2.49
Kotanyi zaèini SK71,0217856,0.038,"33g,35g,36g,48g",Staklo,,2.49,51.87,9001414204245,Hrana,2.49
Maslac za tijelo Trop.Glow,0217857,0.26,250ml,Kozm.posudica,Cien,3.49,13.96,4335619113237,Kozmetika,3.49
High protein humus SK1,0218180,0.2,200g,Plitica,Chef Select,1.09,5.45,4335619111950,Hrana,1.09
Vafel rolice SK6,0218398,0.4,400g,Limenka,,3.29,8.23,4335619173224,Hrana,3.38
Veganska proteinska kaša SK1,0219168,0.06,60g,Vrecica,Crownfield,1.19,19.83,4335619127647,Hrana,1.19
Kapsule za kavu karamela,0219437,0.055,55g,Kart. na prekl.,Bellarom,2.29,41.64,4335619128927,Piæe,1.92
Hrana za pse u umaku SK1,0220161,0.415,415g,Limenka,Bellosan,0.79,1.9,4335619134812,Proizvodi za kuæanstvo,0.79
Sirevi - specij. zemalja CH/FR SK2,0220701,1,"ca. 180g,ca. 220g,ca. 250g",Pakovanje,Meine Käserei,29.99,29.99,2896030000000,Hrana,29.99
Španjolski zaèini SK1,0220802,0.062,"55g,75g",Limenka,Sol&Mar,2.19,29.2,4335619136939,Hrana,2.19
Lak za nokte Sweet Violet,0221312,0.011,11ml,Boca,Cien Beauty,1.09,1.09,4335619149144,Kozmetika,1.09
Èips SK35,0221606,0.2,200g,Vrecica,MCENNEDY,1.99,9.95,4056489414933,Hrana,1.99
Kotanyi slatki zaèini SK72,0222573,0.065,"63g,65g,70g",Staklo,,2.49,35.57,9001414303436,Hrana,2.49
Bio voæni namaz SK1,0223332,0.24,240g,Staklo,Maribel,2.39,9.96,4335619167148,Hrana,2.39
Hana bijeli šeæer,0223512,5,5kg,Vreca,,3.55,0.71,8594180825260,Hrana,3.55
Iso sladoled Limun Yuz,0223613,0.28,4x70ml,Kart. na prekl.,Gelatelli,2.99,10.68,4335619167803,Hrana,2.99
Džem jag-mal / jag-van SK1,0223763,0.45,450g,Staklo,Maribel,2.89,6.42,4335619109896,Hrana,2.89
Fajita Mix SK1,0224055,0.5,500g,Vrecica,El Tequito,3.49,6.98,4335619172142,Hrana,2.94
Protein isolat SK1,0224065,0.36,360g,Limenka,,13.99,38.86,4335619172173,Hrana,13.99
Kreatin,0224066,0.2,200g,Limenka,,5.99,29.95,4335619172180,Hrana,5.99
Èokoladni slani pereci SK4,0224583,0.14,140g,Pakovanje,Alpenfest,2.49,17.79,4335619175310,Hrana,1.99
Salata od tune SK11,0224802,0.22,220g,Limenka,Nixe,2.27,10.32,4335619195257,Hrana,2.27
GGN/MSC Sushi SK20,0228627,0.178,"168g,178,5g,185g",Pakovanje,select & go,3.79,21.23,4335619221628,Hrana,3.79
GGN/MSC Sushi SK20,0228627,0.178,"168g,178,5g,185g",Pakovanje,select & go,3.79,21.23,4335619221635,Hrana,3.79
GGN/MSC Sushi SK20,0228627,0.178,"168g,178,5g,185g",Pakovanje,select & go,3.79,20.49,4335619221635,Hrana,3.79
GGN/MSC Sushi SK20,0228627,0.178,"168g,178,5g,185g",Pakovanje,select & go,3.79,22.56,4335619221642,Hrana,3.79
Aperitiv sa šljokicama 15%,0228745,0.689,0.700l,Boca,Deluxe,3.06,4.37,4304493271470,Piæe,3.06
Sushi SK2,0229316,0.195,"190g,200g",Pakovanje,select & go,3.79,19.95,4335619221611,Hrana,3.79
BO Dubai baklava,0229659,0.27,270g,Pakovanje,1001 delights,5.49,20.33,4335619235182,Hrana,5.49
Èetka za kosu,0466973,0.106,1ST,Pakovanje,Cien BEAUTY,1,1,4052916221723,Kozmetika,2.49
Set za manikuru-pedikuru,0472258,0.1,1ST,Pakovanje,Silvercrest Personal Care,14.99,14.99,4052916436905,Kozmetika,14.99
Sušilo za kosu,0472259,0.791,1ST,Pakovanje,Silvercrest Personal Care,19.99,19.99,4052916457856,Kozmetika,19.99
Pribor za manikuru-pedikuru,0472265,0.04,1ST,Pakovanje,Cien BEAUTY,1.99,1.99,4052916451458,Kozmetika,1.99
Pribor za manikuru-pedikuru,0472265,0.04,1ST,Pakovanje,Cien BEAUTY,1.99,1.99,4052916451489,Kozmetika,1.99
Spužvica za šminku,0472269,0.008,1ST,Pakovanje,Cien BEAUTY,0.99,0.99,4052916439548,Kozmetika,0.99
Spužvica za šminku,0472269,0.008,1ST,Pakovanje,Cien BEAUTY,0.99,0.99,4052916439586,Kozmetika,0.99
Spužvica za šminku,0472269,0.008,1ST,Pakovanje,Cien BEAUTY,0.99,0.99,4052916439609,Kozmetika,0.99
Pribor za kozmetiku i manikuru,0472274,0.033,1ST,Pakovanje,Cien BEAUTY,1.99,1.99,4052916443934,Kozmetika,1.99
Kutija za nakit,0466864,0.208,1ST,Pakovanje,Esmara,2.99,2.99,4052916243473,Kozmetika,3.99
Mavrodaphne Patras,6200025,0.782,"0,75l",Boca,,4.59,6.12,4304493257894,Piæe,3.98
Mavrodaphne Patras,6200025,0.782,"0,75l",Boca,,4.59,6.12,4304493260290,Piæe,3.98
Mini ploèice SK2,6200040,0.2,200g,Vrecica,Eridanous,2.79,13.95,20128050,Hrana,2.79
Halva s okusom vanilije,6200041,0.25,250g,Kart. na prekl.,Eridanous,2.29,9.16,20233655,Hrana,0.93
"Mini pita sa sirom, 4 komada",6200126,0.68,680g,Vrecica,Chef Select,2.99,4.4,20146368,Hrana,2.99
Motana pita sa špin. i feta sirom,6200134,1,1000g,Pakovanje,Eridanous,4.29,4.29,4056489264576,Hrana,3.99
Pasta od maslina SK3,6200222,0.18,212ml,Staklo,Eridanous,1.09,5.14,4056489126287,Hrana,1.09
Grèka pita s mljevenim mesom,6200273,0.85,850g,Pakovanje,Eridanous,5.69,6.69,20509095,Hrana,5.69
Hrskavi štapiæi SK2,6200286,0.175,175g,Vrecica,Eridanous,1.19,6.8,20116934,Hrana,1.19
Grèki trajni kolaèiæi u sirupu SK1,6200336,0.4,400g,Plitica,Eridanous,4.39,10.98,20244712,Hrana,3.85
Grèki umaci od rajèice SK2,6200695,0.29,290g,Staklo,Eridanous,2.69,9.28,20616472,Hrana,1.69
Halva s medom,6200820,0.25,250g,Kart. na prekl.,Eridanous,2.29,9.16,20617059,Hrana,3.96
Jastuèiæi punjeni sirom,6202055,1,1000g,Vrecica,Chef Select,3.89,3.89,20654047,Hrana,3.89
Crne masline u masl. ulju SK1,6204522,0.25,250g,Vrecica,Eridanous,2.29,9.16,20992934,Hrana,2.29
High protein jogurt SK3,6205528,0.34,2x170g,Pakovanje,Milbona,1.59,4.68,4056489382706,Hrana,1.59
Mini rolice sa sirom i slaninom,6206670,0.5,500g,Vrecica,Eridanous,2.59,5.18,4056489189534,Hrana,2.59
Head&Shoulders Šampon,0004845,0.31,300ml,PET-Boca,,3.99,13.3,4015600765248,Kozmetika,3.99
Head&Shoulders Šampon,0004845,0.31,300ml,PET-Boca,,3.99,13.3,5011321336049,Kozmetika,3.99
Head&Shoulders Šampon,0004845,0.31,300ml,PET-Boca,,3.99,13.3,5011321336094,Kozmetika,3.99
"Dalmatinska panceta, narezak",0004871,0.1,100g,Vakumir. pakov.,Okusi zavièaja,2.25,22.5,20539269,Hrana,2.25
Maðarica,0004890,0.42,420g,Pakovanje,Okusi zavièaja,4.19,9.98,20539412,Hrana,4.99
Komp.bomboni s okusom voæa + vit. C,0004925,0.029,"28,5g",Pakovanje,Sweet Corner,0.29,0.29,20455354,Hrana,0.29
Gel za poslije sunèanja Aloe Vera,0024987,0.254,250ml,PET-Boca,Cien Sun,2.49,9.96,4056489368380,Kozmetika,2.49
Proteinski hrskavi müsli SK44,0025231,0.5,500g,Kart. na prekl.,Crownfield,5.99,11.98,4056489030300,Hrana,5.99
Proteinski hrskavi müsli SK44,0025231,0.5,500g,Kart. na prekl.,Crownfield,5.99,11.98,4056489030317,Hrana,5.99
Krpe za kupaonicu/posuðe SK5,0025297,0.05,4komad,Pakovanje,W5,1.59,0.4,20044961,Proizvodi za kuæanstvo,1.59
Krpe za kupaonicu/posuðe SK5,0025297,0.05,4komad,Pakovanje,W5,1.59,0.4,4056489366348,Proizvodi za kuæanstvo,1.59
Potpuna hrana za pse SK21,0025323,1.24,1240g,Limenka,Orlando,1.89,1.52,20258887,Proizvodi za kuæanstvo,1.89
Potpuna hrana za pse SK21,0025323,1.24,1240g,Limenka,Orlando,1.89,1.52,20488284,Proizvodi za kuæanstvo,1.89
Kremasti sapun SK4,0025359,0.15,150g,Pakovanje,Cien,0.79,5.27,20229788,Kozmetika,0.79
Dalmatinska juha,1002195,0.056,56g,Vrecica,-,0.69,12.32,4056489926153,Hrana,0.69
"Pommes Frites, 3,5kg XXL",0051008,3.5,"3,5kg",Vrecica,Harvest Basket,4.89,1.4,20281205,Hrana,4.89
Fileti dimljenog lososa SK5,0051078,0.125,125g,Pakovanje,Nautica,3.99,31.92,20092955,Hrana,3.99
WC Gel s aplikatorom SK2,5503572,0.075,75ml,Blister,W5,1.99,26.53,,Sredstva za èišæenje,1.99
Tikvica,0082345,1,1kg,Rasuto,,1.29,1.29,,Hrana,1.49
Cvjetaèa,0082876,0.914,1komad,Rasuto,,1.19,1.19,,Hrana,1.99
Craft kobasice SK2,6907584,0.32,320g,Vakumir. pakov.,Okusi zavièaja,4.69,14.66,,Hrana,4.69
Jabuka crvena Crimson snow,0080206,1,1kg,Rasuto,,1.99,1.99,,Hrana,1.99
Èips SK31,0161129,0.2,200g,Vrecica,MCENNEDY,1.99,9.95,,Hrana,1.99
Rajèica,0082416,1,1kg,Rasuto,,1.99,1.99,,Hrana,2.79
Salata puterica,0082071,0.241,1komad,Rasuto,,0.99,0.99,,Hrana,0.99
VITALmaxx El. odstranji. rožn. kože,0436009,0.16,1ST,Pakovanje,,5,5,,Kozmetika,5
Kokosovo mlijeko,0022949,0.4,425ml,Limenka,Vitasia,1.79,4.21,,Hrana,1.79
"Provoletta sir, narezak SK9",6017732,0.14,140g,Atmos-Posudica,Italiamo,1.57,11.21,,Hrana,1.57
Remington Glaèalo za kosu,0489566,0.31,1ST,Pakovanje,,7,7,,Kozmetika,7
Aranžman Viktorija,6901251,0.9,1komad,Pakovanje,,7.3,7.3,,Proizvodi za kuæanstvo,7.3
Rama namaz Buttery,6907754,0.4,400g,Posudica,,1.09,2.73,,Hrana,1.09
Philips Èetkica za zube,0482893,0.255,1ST,Pakovanje,,19.99,19.99,,Kozmetika,19.99
Toaletni papir 4-sloja 10x160 list.,6907010,1.28,10x160Blatt,Pakovanje,Floralys,3.69,0.37,,Proizvodi za kuæanstvo,3.69
Krastavac,0083588,1,1kg,Rasuto,,1.39,1.39,,Hrana,1.89
Jabuka Cripps Pink rinfuza,0080210,1,1kg,Rasuto,,1.49,1.49,,Hrana,1.49
Plodovi mora SK3,6000254,0.3,300g,Vakumir. pakov.,Sol&Mar,2.99,9.97,,Hrana,2.99
Grožðe bijelo bez koštica,0080500,1,1kg,Rasuto,,3.99,3.99,,Hrana,3.99
"Voda s okusom limuna, gazirana",0000010,1.5,"1,5l",PET-Boca,Saguaro,0.85,0.57,4304493256903,Piæe,0.85
TUC Krekeri SK1,0000011,0.1,100g,Pakovanje,,1.15,11.5,7622300570293,Hrana,1.15
Always Ultra higijenski ulošci BA,0000017,0.058,"9 komada, 10 komada, 14 komada",Pakovanje,,1.66,0.12,8001841263908,Proizvodi za kuæanstvo,1.66
"Cola, 2l",0000023,2.073,2l,PET-Boca,Freeway,1.29,0.65,4304493261372,Piæe,1.29
"Ledeni èaj breskva sa šeæerom, 1,5l",0000028,1.5,"1,5l",PET-Boca,Freeway,1.05,0.7,4304493256989,Piæe,1.05
Monster Energetski napitak Ultra B.,0000035,0.5,"0,5l",Limenka,Coca-Cola,1.45,2.9,5060639129973,Piæe,1.45
Lenor Omekšivaè 60 pranja Sensitiv,0000084,1.8,"1,8l",PET-Boca,,5.57,0.09,8001841375557,Sredstva za èišæenje,5.57
Lenor Omekšivaè Sensitive 64pranja,0000118,1.6,"1,6l",PET-Boca,,3.19,1.99,8006540889879,Sredstva za èišæenje,3.19
Silan Omekšivaè Fresh Sky 60 pranja,0000335,1.32,"1,32l",PET-Boca,Henkel,4.79,3.63,9000101586732,Sredstva za èišæenje,4.79
Pringles Sour Cream & Onion,0000342,0.185,185g,Limenka,,2.05,11.08,5053990167845,Hrana,2.05
Gillette Fusion Sport brijaè+zam.b.,0000369,0.039,1komad,Pakovanje,,15.99,15.99,8700216090308,Kozmetika,15.99
KitKat Easter Break,0000377,0.066,66g,Vrecica,,2.39,36.21,8000300405897,Hrana,2.39
Nestlé Kit Kat Dark,0000408,0.041,41.5g,Pakovanje,,0.99,0.99,8445290542311,Hrana,Nije_bilo_u_prodaji_02.05.2025
Old Spice Deo Stick Captain,0000440,0.099,85ml,PET-Boca,,4.39,51.65,8006540319574,Kozmetika,4.39
Chio Tip Top Cubics ,0000443,0.1,100g,Vrecica,,1.59,15.9,3856021303302,Hrana,1.59
Silan Omekšivaè Classic Fresh Sky ,0000450,2.86,"2,86l",PET-Boca,Henkel,5.99,2.09,9000101581256,Sredstva za èišæenje,5.99
Silan Omekšivaè Sensitive 76 pranja,0000453,1.672,"1,672l",PET-Boca,,5.69,3.4,9000101590272,Sredstva za èišæenje,5.69
Èeš. kob. Polièan/Paprika SK2,0001109,0.1,100g,Atmos-Pakiranje,Pikok,1.49,14.9,20073657,Hrana,1.49
"Prirodna izvorska voda, 7l",0001117,7,7l,PET-Boca,Saguaro,1.45,0.21,4056489925606,Piæe,1.45
Krem sladoled èokolada,0001126,0.513,1000ml,Plitica,Bon Gelati,2.29,2.29,20001407,Hrana,2.29
"Pommes Frites, 2,5kg",0001172,2.5,"2,5kg",Vrecica,Harvest Basket,4.89,1.96,20008512,Hrana,4.89
"Pureæi medaljoni, smrznuti",0001243,1,1000g,Vrecica,Culinea,3.99,3.99,20098285,Hrana,3.99
Nescafé Classic,0001252,0.2,200g,Limenka,Nestlé,9.99,49.95,7891000088814,Piæe,8.99
"Grašak, smrznuto",0001255,1,1kg,Vrecica,Freshona,1.49,1.49,4056489336662,Hrana,2.19
"Grašak-mrkva mix, smrznuto",0001256,0.45,450g,Vrecica,Freshona,0.99,2.2,20090173,Hrana,0.99
Minas mljevena kava XXL,0001293,0.6,600g,Vrecica,Bellarom,5.99,9.98,20539276,Piæe,5.99
Èokolada za kuhanje XXL,0001299,0.5,500g,Tabla,,5.59,11.18,20660765,Hrana,5.59
Kukuruzni flips slani,0001337,0.1,100g,Vrecica,Snack Day,0.59,5.9,20117580,Hrana,0.59
Sezam ploèice SK7,0001419,0.081,3x27g,Pakovanje,Crownfield,0.44,5.43,20051785,Hrana,0.49
Sezam ploèice SK7,0001419,0.081,3x27g,Pakovanje,Crownfield,0.44,5.43,5907751602604,Hrana,0.49
"BO Kajzerica SUS, 60g",0001478,0.06,60g,Rasuto,,0.13,2.17,3859888751286,Hrana,0.13
Žuta paprika fileti (OM 350g),0001479,0.35,720ml,Staklo,Okusi zavièaja,2.29,6.54,20275655,Hrana,2.29
"Dukat Trajno mlijeko 2,8%, 1l-boca",0001484,1,1l,Boca,,1.19,1.19,3850354006053,Hrana,1.19
NESTLE After Eight 200g,0001493,0.2,200g,Pakovanje,,2.99,14.95,7613032596668,Hrana,2.69
"Jogurt èvrsti 3,2% m.m.",0001566,0.18,180g,Posudica,Pilos,0.37,2.06,20660352,Hrana,0.37
"Tekuæi jogurt 2,8% m.m.",0001572,0.18,180g,Posudica,Pilos,0.37,2.06,20539962,Hrana,0.37
Sirni namaz SK15,0001780,0.2,200g,Posudica,Milbona,1.49,7.45,20010300,Hrana,1.49
Sirni namaz SK15,0001780,0.2,200g,Posudica,Milbona,1.49,7.45,20095703,Hrana,1.49
"Voæni jogurt 3,8% SK1, 500g",0001794,0.5,500g,Posudica,Milbona,1.39,2.78,20039417,Hrana,1.39
"Voæni jogurt 1,8%, SK45, SK46",0001798,0.25,250g,Posudica,Milbona,0.79,3.16,20109622,Hrana,0.79
Jogurt Duo èokolada SK14,0001804,0.175,175g,Posudica,Pilos,0.89,5.09,20654931,Hrana,0.89
Puding od èokolade,0001809,0.2,200g,Posudica,Pilos,0.45,2.25,4056489109709,Hrana,0.49
Ementaler listiæi,0001814,0.15,150g,Pakovanje,Milbona,1.95,13,20002329,Hrana,1.95
Namaz od vrhnja SK21,0001889,0.2,200g,Plitica,Milbona,1.59,7.95,20064440,Hrana,1.55
Namaz od vrhnja SK21,0001889,0.2,200g,Plitica,Milbona,1.59,7.95,20201234,Hrana,1.55
Svježa pileæa krila,0001915,1,ca. 500g,Atmos-Pakiranje,Naša mesnica,2.99,2.99,2852007000000,Hrana,4.19
Svježa pileæa krila,0001915,1,ca. 500g,Atmos-Pakiranje,Naša mesnica,2.99,2.99,2891985000000,Hrana,4.19
Puding od vanilije,0001960,0.2,200g,Posudica,Pilos,0.45,2.25,4056489109693,Hrana,0.49
Mesni sir peèen u peænici,0001991,0.4,400g,Atmos-Pakiranje,Dulano,3.99,9.98,20126551,Hrana,3.99
"Bellarom Minas mljevena kava, 500g",0002160,0.5,500g,Vrecica,Bellarom,6.79,13.58,4056489317760,Piæe,6.79
Nescafé Cappuccino sort.,0002183,0.135,"112g,148g",Kart. na prekl.,Nestlé,4.19,28.31,5011546477596,Piæe,4.19
Nescafé Cappuccino sort.,0002183,0.135,"112g,148g",Kart. na prekl.,Nestlé,4.19,37.41,5011546477633,Piæe,4.19
Nescafé Cappuccino sort.,0002183,0.135,"112g,148g",Kart. na prekl.,Nestlé,4.19,30.81,7613035919433,Piæe,4.19
Kiara Kristal šeæer 1kg ,0002220,1,1kg,Vrecica,,0.99,0.99,3859888112049,Hrana,0.99
"Krušne mrvice, 500g",0002234,0.5,500g,Pakovanje,Belbake,0.99,1.98,20156633,Hrana,0.99
Vanilin šeæer,0002240,0.08,80g,Pakovanje,Belbake,0.49,6.13,20003326,Hrana,0.49
"Orah jezgra u rinfuzi, cca. 1kg",0002322,1,cca. 1kg,Rasuto,,5.49,5.49,3872084003294,Hrana,5.49
Fant Fix umaci SK1,0002401,0.069,"60g,65g,90g",Vrecica,,1.25,20.83,3850104019173,Hrana,1.25
Sterilizirani crveni grah,0002494,0.41,425ml,Limenka,Freshona,0.79,3.1,4056489468462,Hrana,0.79
"Coca Cola, 2l",0002665,2.07,2l,PET-Boca,Coca-Cola,2.25,1.13,5449000000286,Piæe,2.25
"Fanta Orange, 2l",0002667,2.07,2l,PET-Boca,Coca-Cola,2.28,1.14,5449000016669,Piæe,2.28
"Fanta Orange, 2l",0002667,2.07,2l,PET-Boca,Coca-Cola,2.28,1.14,5449000322203,Piæe,2.28
"Sprite, 2l ",0002668,2.08,2l,PET-Boca,Coca-Cola,2.28,1.14,5449000004864,Piæe,2.28
"Premium Pils pivo 4,9%",0002704,0.504,"0,5l",Limenka,Perlenbacher,0.99,1.98,4056489237204,Piæe,0.99
"Premium Pils pivo 4,9%",0002704,0.504,"0,5l",Limenka,Perlenbacher,0.99,1.98,4304493267879,Piæe,0.99
Mlijeèna èokolada,0002813,0.1,100g,Tabla,Fin Carré,1.29,12.9,20005825,Hrana,1.29
Èokolada za kuhanje,0002816,0.2,200g,Tabla,Fin Carré,3.49,17.45,20022471,Hrana,3.49
Draže bomboni s mlijeè. èokoladom,0002874,0.15,150g,Vrecica,Mister Choc,1.69,11.27,20114800,Hrana,1.69
Airwaves žvakaæe gume SK2,0002906,0.014,14g,Pakovanje,Mars,0.99,0.99,42174721,Hrana,0.99
Orbit žvakaæe gume sort. I,0002907,0.014,14g,Pakovanje,Mars,0.99,0.99,42174561,Hrana,0.99
Orbit žvakaæe gume sort. I,0002907,0.014,14g,Pakovanje,Mars,0.99,0.99,50173808,Hrana,0.99
Milka Èokolada sort.,0002911,0.281,"270g, 276g, 300g",Pakovanje,,5.99,22.19,7622210273437,Hrana,5.99
Milka Èokolada sort.,0002911,0.281,"270g, 276g, 300g",Pakovanje,,5.99,21.7,7622210273437,Hrana,5.99
Milka Èokolada sort.,0002911,0.281,"270g, 276g, 300g",Pakovanje,,5.99,19.97,7622210273437,Hrana,5.99
Milka Èokolada sort.,0002911,0.281,"270g, 276g, 300g",Pakovanje,,5.99,19.97,7622210417534,Hrana,5.99
Milka Èokolada sort.,0002911,0.281,"270g, 276g, 300g",Pakovanje,,5.99,19.97,7622210612267,Hrana,5.99
Milka Èokolada sort.,0002911,0.281,"270g, 276g, 300g",Pakovanje,,5.99,22.19,7622210683724,Hrana,5.99
Milka Èokolada sort.,0002911,0.281,"270g, 276g, 300g",Pakovanje,,5.99,21.7,7622210702593,Hrana,5.99
Milka Èokolada sort.,0002911,0.281,"270g, 276g, 300g",Pakovanje,,5.99,22.19,7622400717055,Hrana,5.99
Milka Èokolada sort.,0002911,0.281,"270g, 276g, 300g",Pakovanje,,5.99,19.97,7622400717055,Hrana,5.99
Milka Èokolada sort.,0002911,0.281,"270g, 276g, 300g",Pakovanje,,5.99,19.97,7622400904608,Hrana,5.99
"Biskvit SK2, SK13 400g",0002940,0.4,400g,Pakovanje,Confiserie Firenze,2.49,6.23,20139759,Hrana,2.69
"Biskvit SK2, SK13 400g",0002940,0.4,400g,Pakovanje,Confiserie Firenze,2.49,6.23,20161156,Hrana,2.69
"Biskvit rolada SK3, 300g",0002945,0.3,300g,Pakovanje,Tastino,1.59,5.3,5319990225511,Hrana,1.59
Vermouth bijeli 15% Vol.,0002995,1.04,1l,Boca,Romanetti,5.29,5.29,4304493257092,Piæe,5.29
Vermouth bijeli 15% Vol.,0002995,1.04,1l,Boca,Romanetti,5.29,5.29,4304493258198,Piæe,5.29
Kompletna hrana za maèke SK19,0003002,0.1,100g,Plitica,Coshida,0.45,4.5,20609467,Proizvodi za kuæanstvo,0.45
Potpuna hrana za pse SK1,0003024,10,10kg,Vrecica,Orlando,11.89,1.19,20100162,Proizvodi za kuæanstvo,11.89
Potpuna hrana za pse SK1,0003024,10,10kg,Vrecica,Orlando,11.89,1.19,4056489746379,Proizvodi za kuæanstvo,11.89
Potpuna suha hrana za pse s inulin.,0003025,3,3kg,Vrecica,Orlando,5.49,1.83,20100186,Proizvodi za kuæanstvo,5.49
Šampon za svakodne. pranje kose SK6,0003034,0.515,500ml,PET-Boca,Cien,0.95,1.9,4056489235613,Kozmetika,1.39
Šampon za svakodne. pranje kose SK6,0003034,0.515,500ml,PET-Boca,Cien,0.95,1.9,4056489815570,Kozmetika,1.39
Pro Vitamin šam. za njegu kose SK13,0003035,0.31,300ml,PET-Boca,Cien,1.29,4.3,20159375,Kozmetika,1.29
Pjena za kosu SK8,0003050,0.22,250ml,Limenka,Cien,1.33,5.32,20006501,Kozmetika,1.59
Pjena za kosu SK8,0003050,0.22,250ml,Limenka,Cien,1.33,5.32,20220464,Kozmetika,1.59
Lak za kosu SK13,0003054,0.31,400ml,Limenka,Cien,1.98,4.95,20006518,Kozmetika,2.39
Lak za kosu SK13,0003054,0.31,400ml,Limenka,Cien,1.98,4.95,20160418,Kozmetika,2.39
Lak za kosu SK13,0003054,0.31,400ml,Limenka,Cien,1.98,4.95,4335619217119,Kozmetika,2.39
Krema za njegu kože SK1,0003083,0.249,250ml,Kozm.posudica,Cien,1.55,6.2,20057060,Kozmetika,1.55
Krema za njegu kože SK1,0003083,0.249,250ml,Kozm.posudica,Cien,1.55,6.2,20072339,Kozmetika,1.55
Q10 krema za lice protiv bora SK7 ,0003089,0.051,50ml,Kart. na prekl.,Cien,2.89,57.8,20283131,Kozmetika,2.89
Pjena za brijanje sensitive,0003108,0.294,300ml,Limenka,Cien MEN,1.59,5.3,4056489431077,Kozmetika,1.59
Losion poslije brijanja SK15,0003114,0.094,100ml,Kart. na prekl.,Cien MEN,2.39,23.9,4056489231677,Kozmetika,2.39
Èetkice za zube classic SK6,0003116,0.034,2komad,Pakovanje,Dentalux,0.77,0.39,20006884,Kozmetika,0.85
Pasta za zube SK6,0003120,0.152,125ml,Tuba,Dentalux,1.05,8.4,20048556,Kozmetika,1.05
"Tekuæina za ispiranje usta, SK15",0003125,0.508,500ml,PET-Boca,Dentalux,1.45,2.9,20010133,Kozmetika,1.45
"Tekuæina za ispiranje usta, SK15",0003125,0.508,500ml,PET-Boca,Dentalux,1.45,2.9,20258054,Kozmetika,1.45
Tekuæe sred. za osvjež. WC-a SK23,0003185,0.165,3x55ml,Pakovanje,W5,1.45,8.79,4056489868880,Sredstva za èišæenje,1.45
Sredstvo za èišæenje masnoæa SK12,0003191,0.753,750ml,PET-Boca,W5,1.99,2.65,20135591,Sredstva za èišæenje,1.99
Higijenski ulošci SK6,0003262,0.145,"14komad,20komad",Pakovanje,Siempre,1.29,0.06,20152895,Proizvodi za kuæanstvo,1.29
Univerzalne krpe,0003302,0.156,2komad,Pakovanje,W5,1.19,0.6,20099886,Proizvodi za kuæanstvo,1.19
Spiralna žica od neh. èelika,0003308,0.08,4komad,Blister,W5,0.7,0.18,20042776,Proizvodi za kuæanstvo,0.7
Spiralna žica od neh. èelika,0003308,0.08,4komad,Blister,W5,0.7,0.18,4056489663829,Proizvodi za kuæanstvo,0.7
Mop - nastavak za èišæenje podova ,0003310,0.098,1komad,Vrecica,W5,1.79,1.79,20039172,Proizvodi za kuæanstvo,1.79
Lampion,0003323,0.12,1komad,Nepakirano,-,0.99,0.99,5906732411662,Proizvodi za kuæanstvo,0.99
Ajvar blagi ,0003567,0.69,690g,Staklo,Kania,2.79,4.04,20156343,Hrana,2.79
Grah trešnjevac 12/1,0003600,1,ca. 1kg,Rasuto,,1.99,1.99,3859893124693,Hrana,1.99
Grah trešnjevac 12/1,0003600,1,ca. 1kg,Rasuto,,1.99,1.99,3859893512124,Hrana,1.99
"Vafel s mlij. i lješ. kremom, UTZ",0003650,0.25,250g,Pakovanje,Sondey,2.25,9,20146092,Hrana,2.25
Palette Int. Color Creme boja SK4,0003664,0.11,1komad,Kart. na prekl.,Henkel,4.25,4.25,3838824159492,Kozmetika,5.25
Palette Int. Color Creme boja SK4,0003664,0.11,1komad,Kart. na prekl.,Henkel,4.25,4.25,3838824350554,Kozmetika,5.25
"Kakao krema s okusom lješ., SK2",0003690,0.4,400g,Posudica,Mister Choc,1.99,4.98,4056489237754,Hrana,1.99
"Axe Bodyspray sort., 150ml ",0003696,0.097,150ml,Limenka,,4.55,30.33,8710908052040,Kozmetika,4.55
"Axe Bodyspray sort., 150ml ",0003696,0.097,150ml,Limenka,,4.55,30.33,8712561119825,Kozmetika,4.55
"Axe Bodyspray sort., 150ml ",0003696,0.097,150ml,Limenka,,4.55,30.33,8717644277379,Kozmetika,4.55
Mlijeèna èokolada s cijelim lješnj.,0003777,0.1,100g,Tabla,Fin Carré,1.49,14.9,20005771,Hrana,1.49
Slani štapiæi,0003790,0.25,250g,Vrecica,Snack Day,0.62,2.48,20005627,Hrana,0.79
Talijanski umaci SK8,0003805,0.42,400ml,Staklo,Combino,1.79,4.48,20037154,Hrana,1.79
Topljeni sir trokutiæi 50% m.m.,0003831,0.4,400g,Pakovanje,Milbona,4.29,10.73,20024949,Hrana,4.29
Topljeni sir u kadicama SK18,0003834,0.2,200g,Posudica,Milbona,1.89,9.45,4056489117612,Hrana,1.89
"Trajno mlijeko 2,8% m.m.",0003904,1.031,1l,Pakovanje,Pilos,0.75,0.75,20177126,Hrana,0.79
Tvrdi bomboni u limenci SK7,0003929,0.2,200g,Limenka,Sweet Corner,1.59,7.95,20006044,Hrana,1.59
Tvrdi bomboni u limenci SK7,0003929,0.2,200g,Limenka,Sweet Corner,1.59,7.95,20078683,Hrana,1.59
Pro Vitamin balzam za kosu SK9,0003947,0.299,300ml,PET-Boca,Cien,1.49,4.97,4056489176374,Kozmetika,1.49
Pro-Vitamin Šampon 2u1 SK3,0003948,0.311,300ml,PET-Boca,Cien,1.49,4.97,20189037,Kozmetika,1.49
Bebimil Hrana za dojenèad 1,0004473,0.6,600g,Pakovanje,,11.15,18.58,9007253102575,Hrana,11.25
"NUK Silikonske Dude Varalice, Vel.2",0004532,0.033,2komad,Pakovanje,Mapa,5.29,5.29,4008600377849,Proizvodi za kuæanstvo,5.29
Pepsi Regular,0004561,2.051,2l,PET-Boca,Pepsi,1.85,0.93,3830000625777,Piæe,1.85
Johnson's Baby Ulje/Losion sort. ,0004627,0.5,500ml,Boca,,6.19,12.38,8002110341341,Kozmetika,6.19
Klara Cao Cao,0004942,0.045,45g,Vrecica,,0.39,0.39,3858881324022,Hrana,0.39
"Dove Gel za tuširanje sort., 250ml",0004967,0.258,250ml,Boca,,2.99,11.96,8720181313417,Kozmetika,2.99
Edamer komad,0004985,0.25,250g,Atmos-Pakiranje,Pilos,2.69,10.76,20093358,Hrana,2.69
Carski sir komad,0004986,0.25,250g,Atmos-Pakiranje,Pilos,2.59,10.36,20267773,Hrana,2.59
Nestlé Nescafe 2u1/3u1,0005074,0.137,"80g, 140g, 155g",Vrecica,,2.99,37.38,7613033866357,Piæe,2.99
Nestlé Nescafe 2u1/3u1,0005074,0.137,"80g, 140g, 155g",Vrecica,,2.99,19.29,7613034025333,Piæe,2.99
Nestlé Nescafe 2u1/3u1,0005074,0.137,"80g, 140g, 155g",Vrecica,,2.99,17.59,7613034025333,Piæe,2.99
Nestlé Nescafe 2u1/3u1,0005074,0.137,"80g, 140g, 155g",Vrecica,,2.99,19.29,7613036843881,Piæe,2.99
Nestlé Nescafe 2u1/3u1,0005074,0.137,"80g, 140g, 155g",Vrecica,,2.99,37.38,7613036870115,Piæe,2.99
Nestlé Nescafe 2u1/3u1,0005074,0.137,"80g, 140g, 155g",Vrecica,,2.99,21.36,8445290099785,Piæe,2.99
Nestlé Nescafe 2u1/3u1,0005074,0.137,"80g, 140g, 155g",Vrecica,,2.99,19.29,8445290099785,Piæe,2.99
"Argeta Kokošja pašteta SK2, 95g",0005140,0.095,95g,Limenka,,1.39,14.63,3838471042475,Hrana,1.39
Pivac Chardonnay,0005351,1.985,2l,PET-Boca,,2.89,1.45,5319991722033,Piæe,2.89
"Papaline umak od rajèica, ATG: 85g",0005433,0.17,170g,Limenka,Nixe,1.29,7.59,20096403,Hrana,1.29
"Minutni odrezak, svinjska leða bk",0005535,0.4,400g,Atmos-Pakiranje,Naša mesnica,4.29,10.73,20395452,Hrana,4.49
Dim. svinjska kraèica sk cca. 800g,0005542,1,ca. 800g,Vakumir. pakov.,Pikok,5.79,5.79,2855420000000,Hrana,5.79
Kranjska v.p.,0005581,0.65,650g,Vakumir. pakov.,Pikok,4.15,6.38,20396435,Hrana,4.15
"Èajni kolutiæi SK1, RFA",0005588,0.767,"700g,800g",Vrecica,Tastino,2.59,3.24,20396053,Hrana,2.59
Svježa pileæa jetra i srca,0005595,0.5,500g,Atmos-Pakiranje,Naša mesnica,1.4,2.8,4052917074182,Hrana,1.59
Svježi pileæi filet,0005607,1,ca. 500g,Atmos-Pakiranje,Naša mesnica,7.39,7.39,2101750000000,Hrana,7.39
Svježi pileæi filet,0005607,1,ca. 500g,Atmos-Pakiranje,Naša mesnica,7.39,7.39,2852023000000,Hrana,7.39
Svježi pileæi filet,0005607,1,ca. 500g,Atmos-Pakiranje,Naša mesnica,7.39,7.39,2852027000000,Hrana,7.39
Svježi pileæi filet,0005607,1,ca. 500g,Atmos-Pakiranje,Naša mesnica,7.39,7.39,2852028000000,Hrana,7.39
Svježi pileæi filet,0005607,1,ca. 500g,Atmos-Pakiranje,Naša mesnica,7.39,7.39,2891922000000,Hrana,7.39
Svježi pileæi filet,0005607,1,ca. 500g,Atmos-Pakiranje,Naša mesnica,7.39,7.39,2891925000000,Hrana,7.39
"Coca Cola 5+1 gratis, 6x0,33l",0005627,2.06,"6x0,33l",Limenka,Coca-Cola,5.25,3.18,5000112625431,Piæe,5.25
Axe gel za tuširanje sort.,0005639,0.257,250ml,Boca,,2.99,11.96,42182757,Kozmetika,2.99
Axe gel za tuširanje sort.,0005639,0.257,250ml,Boca,,2.99,11.96,8710447276600,Kozmetika,2.99
Soda bikarbona,0005698,0.05,50g,Vrecica,Belbake,0.15,3,20295264,Hrana,0.15
Tic Tac SK5,0005761,0.018,18g,Pakovanje,,0.79,0.79,80916666,Hrana,0.79
"Napolitanke SK3, UTZ",0005796,0.8,800g,Vrecica,Tastino,2.49,3.11,20434366,Hrana,2.69
Èajna/ srijemska kobasica SK2,0005827,0.3,300g,Atmos-Pakiranje,Pikok,4.5,15,20448202,Hrana,4.5
Èajna/ srijemska kobasica SK2,0005827,0.3,300g,Atmos-Pakiranje,Pikok,4.5,15,20448219,Hrana,4.5
Sensodyne Pasta za zube SK2,0005894,0.075,75ml,Tuba,,3.95,52.67,3800132250550,Kozmetika,3.95
Sensodyne Pasta za zube SK2,0005894,0.075,75ml,Tuba,,3.95,52.67,4026600841108,Kozmetika,3.95
Schauma šampon sort.,0005896,0.52,400ml,Boca,,3.17,7.93,4015100196856,Kozmetika,3.17
"Barcaffe mljevena kava, 175g",0005915,0.175,175g,Vrecica,,4.29,24.51,3838471022699,Piæe,4.29
"Barcaffe mljevena kava, 175g",0005915,0.175,175g,Vrecica,,4.29,24.51,3838975531314,Piæe,4.29
Nivea Dezodorans roler SK1,0005958,0.052,50ml,Pakovanje,,3.95,79,42242055,Kozmetika,3.95
Nivea Dezodorans roler SK1,0005958,0.052,50ml,Pakovanje,,3.95,79,42242154,Kozmetika,3.95
Energy Drink Classic,0005976,0.52,"0,5l",PET-Boca,Kong Strong,1.2,2.4,4304493257108,Piæe,1.2
Raid Sprej protiv svih insekata,0006229,0.406,400ml,Limenka,,7.39,18.48,5000204642025,Proizvodi za kuæanstvo,7.39
Raid Sprej protiv muha i komaraca,0006230,0.409,400ml,Limenka,,5.39,13.48,8711800118506,Proizvodi za kuæanstvo,5.39
Raid Tablete za el. aparat,0006232,0.035,30komad,Pakovanje,,5.09,0.17,8002030140680,Proizvodi za kuæanstvo,5.09
"Smirnoff Vodka 37,5%",0006252,0.68,"0,7l",Boca,,16.59,23.7,5410316671118,Piæe,16.59
Amadori Svježi pureæi batak vp,0006274,1,cca. 1000g,Vakumir. pakov.,,2.39,2.39,2127745000000,Hrana,2.39
"Pureæi parizer, 1000g",0006322,1,1000g,Stanga,Pikok,2.79,2.79,20116439,Hrana,2.79
Ritter Sport SK17,0006343,0.1,100g,Tabla,Ritter,1.79,17.9,4000417018007,Hrana,1.79
Ritter Sport SK17,0006343,0.1,100g,Tabla,Ritter,1.79,17.9,4000417022004,Hrana,1.79
Ritter Sport SK17,0006343,0.1,100g,Tabla,Ritter,1.79,17.9,4000417224002,Hrana,1.79
Ritter Sport SK17,0006343,0.1,100g,Tabla,Ritter,1.79,17.9,4000417269003,Hrana,1.79
Ritter Sport SK17,0006343,0.1,100g,Tabla,Ritter,1.79,17.9,4000417602510,Hrana,1.79
"Svježa pileæa leða, cca. 750g",0006457,1,ca. 750g,Atmos-Pakiranje,Naša mesnica,1.69,1.69,2852031000000,Hrana,1.69
Danone Actimel BA 4x100g,0006461,0.4,4x100g,PET-Boca,Danone,1.59,3.98,59026549,Hrana,1.59
"Svježa pileæa prsa, bk sk, cca 500g",0006488,1,ca. 500g,Atmos-Pakiranje,Naša mesnica,5.89,5.89,2852050000000,Hrana,5.89
"Svježa pileæa prsa, bk sk, cca 500g",0006488,1,ca. 500g,Atmos-Pakiranje,Naša mesnica,5.89,5.89,2852053000000,Hrana,5.89
"Svježa pileæa prsa, bk sk, cca 500g",0006488,1,ca. 500g,Atmos-Pakiranje,Naša mesnica,5.89,5.89,2891146000000,Hrana,5.89
Svježi pileæi batak,0006489,1,ca. 500g,Atmos-Pakiranje,Naša mesnica,4.09,4.09,2136970000000,Hrana,4.09
Svježi pileæi batak,0006489,1,ca. 500g,Atmos-Pakiranje,Naša mesnica,4.09,4.09,2852010000000,Hrana,4.09
Svježi pileæi batak,0006489,1,ca. 500g,Atmos-Pakiranje,Naša mesnica,4.09,4.09,2852016000000,Hrana,4.09
Svježi pileæi batak,0006489,1,ca. 500g,Atmos-Pakiranje,Naša mesnica,4.09,4.09,2891966000000,Hrana,4.09
"Cvjetni med, 450g",0006631,0.45,450g,Staklo,Okusi zavièaja,3.98,8.84,20492229,Hrana,3.98
"Cvjetni med, 450g",0006631,0.45,450g,Staklo,Okusi zavièaja,3.98,8.84,4056489610915,Hrana,3.98
"Kiseli kupus, glavica, cca. 1,6kg",0006640,1,"ca. 1,6kg",Vakumir. pakov.,Okusi zavièaja,1.99,1.99,2866400000000,Hrana,1.99
"Palenta-kukuruzna krupica, 500g",0006649,0.5,500g,Vrecica,Okusi zavièaja,0.89,1.78,20492267,Hrana,0.89
"BO Krafna marelica, 60g",0006663,0.06,60g,Rasuto,,0.55,9.17,3859888751897,Hrana,0.55
Kiselo vrhnje 12% m.m.,0006665,0.9,900g,Kanta,Okusi zavièaja,2.85,3.17,20492168,Hrana,2.85
"Senf èašica, 400g",0006674,0.4,400g,Posudica,Kania,0.89,2.23,20078294,Hrana,0.89
"Svježi pileæi zabatak, cca. 500g",0006675,1,ca. 500g,Atmos-Pakiranje,Naša mesnica,4.09,4.09,2852045000000,Hrana,4.09
Gillette Pjena za brijanje sort.,0006712,0.196,200ml,Limenka,,2.89,14.45,3014260228668,Kozmetika,2.89
M&M's SK2,0007674,0.214,"187g,220g",Samost.vreca,,3.29,17.59,5000159023283,Hrana,3.29
M&M's SK2,0007674,0.214,"187g,220g",Samost.vreca,,3.29,17.59,5000159471510,Hrana,3.29
M&M's SK2,0007674,0.214,"187g,220g",Samost.vreca,,3.29,14.95,5000159471794,Hrana,3.29
M&M's SK2,0007674,0.214,"187g,220g",Samost.vreca,,3.29,17.59,5000159471848,Hrana,3.29
M&M's SK2,0007674,0.214,"187g,220g",Samost.vreca,,3.29,14.95,5000159472005,Hrana,3.29
M&M's SK2,0007674,0.214,"187g,220g",Samost.vreca,,3.29,17.59,5000159561686,Hrana,3.29
Studenac Gazirana mineralna voda ,0008473,6,"4x1,5l",PET-Boca,,2.29,0.38,3856022302595,Piæe,2.29
"Jaja razred M, klasa A, 30 komada",0008481,1.74,30komad,Pakovanje,,4.59,0.15,4056489610625,Hrana,4.59
"Vreæice za zamrzavanje, SK1",0008485,0.115,"26komad,38komad,50komad",Pakovanje,Aromata,0.79,0.79,20476502,Proizvodi za kuæanstvo,0.79
"Svježe pile, cca. 1,5kg",0008692,1,"ca. 1,5kg",Pakovanje,Naša mesnica,2.69,2.69,2136914000000,Hrana,3.09
Nivea Sun Protect & Bronze ZF 20,0008722,0.2,200ml,PET-Boca,,12.99,64.95,4005808432394,Kozmetika,12.99
"Cabernet Sauvignon, kval. crno vino",0008926,0.743,"0,75l",Boca,Winemakers of Croatia,5.49,7.32,4304493259751,Piæe,5.49
"Graševina, kvalitetno bijelo vino",0008927,0.75,"0,75l",Boca,Winemakers of Croatia,5.49,7.32,4304493258716,Piæe,5.49
Malvazija Ist. kvalite. bijelo vino,0008928,0.75,"0,75l",Boca,Winemakers of Croatia,6.49,8.65,4304493256507,Piæe,6.49
"Štark Smoki flips, 130g",0008931,0.13,130g,Vrecica,,1.29,9.92,8600939507087,Hrana,1.29
"Pošip, vrhunsko bijelo vino ",0009006,0.744,"0,75l",Boca,Winemakers of Croatia,5.99,7.99,4304493256729,Piæe,5.99
BO Hamby pecivo sa sezamom SUS,0009031,0.07,70g,Rasuto,,0.29,4.14,3859888751224,Hrana,0.29
Æevapèiæi,0009069,0.5,500g,Atmos-Pakiranje,Naša mesnica,3.79,7.58,3858881619418,Hrana,3.79
"Lasagne Bolognese, svinjetina",0009098,1,1kg,Plitica,Chef Select,5.29,5.29,20002589,Hrana,5.29
"Barilla Spaghetti, 500g",0009186,0.5,500g,Kart. na prekl.,Barilla,1.09,2.18,8076800195057,Hrana,1.09
Pepsi Max,0009265,2,2l,PET-Boca,Pepsi,1.85,0.93,3830065020364,Piæe,1.85
Kozmetièke maramice 3-slojne aloe v,0009374,0.17,90komad,Kart. na prekl.,Cien,1.29,0.01,4056489110736,Proizvodi za kuæanstvo,1.29
Monster Energetski napitak Green,0009527,0.5,"0,5l",Limenka,Coca-Cola,1.59,3.18,5060166695279,Piæe,1.59
Old Spice Gel za tuširanje,0009584,0.421,400ml,Boca,,3.85,9.63,4084500978881,Kozmetika,3.85
"Red Bull Energ. napitak, 4x0,25l",0009702,1.048,"4x0,25l",Limenka,Red Bull,4.59,4.59,9002490100490,Piæe,4.59
Gel za kosu za muškarce SK10,0009855,0.15,150ml,Tuba,Cien,1.79,11.93,20551643,Kozmetika,1.79
Gel za kosu za muškarce SK10,0009855,0.15,150ml,Tuba,Cien,1.79,11.93,4056489232384,Kozmetika,1.79
"Èoko vafli classic, UTZ, RFA",0009858,0.04,40g,Pakovanje,Sondey,0.39,0.39,20083281,Hrana,0.39
"Alpska šunka u komadu, cca. 600g",0010237,1,ca. 600g,Vakumir. pakov.,Alpenfest,12.69,12.69,2810239000000,Hrana,12.69
Kobasica za peèenje,0010501,0.5,500g,Vakumir. pakov.,Dulano Selection,3.49,6.98,20299729,Hrana,3.49
"Mesnata slanina, dimljena",0010913,0.25,2x125g,Atmos-Pakiranje,Dulano,3.19,12.76,4056489115526,Hrana,3.19
Pommes Noisettes,0011165,1,1kg,Vrecica,Duc de Coeur,2.49,2.49,20000066,Hrana,2.49
Ulje Maslina Komine,0011369,0.913,1l,PET-Boca,Primadonna,5.99,5.99,20032043,Hrana,5.99
Mini-pašteta SK44,0011547,0.13,130g,Atmos-Pakiranje,Alpenfest,1.49,11.46,20140434,Hrana,1.49
Kobasica SK13,0011790,0.2,200g,Atmos-Pakiranje,Dulano,2.39,11.95,20012588,Hrana,2.15
Narezana salama SK35,0011808,0.125,125g,Atmos-Pakiranje,Dulano,2.19,17.52,20150969,Hrana,2.19
Mediteranski pršut SK24,0011818,0.1,100g,Atmos-Pakiranje,Dulano Selection,2.59,25.9,20126599,Hrana,2.59
Pileæa i pureæa prsa QS SK18,0011880,0.2,200g,Atmos-Pakiranje,Dulano,2.99,14.95,20088484,Hrana,2.99
Kuhana šunka tanko narezana XXL SK4,0011882,0.4,400g,Atmos-Pakiranje,Dulano,4.29,10.73,4056489115311,Hrana,4.29
Salsa umak SK8,0011890,0.31,"300g,315g",Staklo,Snack Day,1.59,5.05,20108588,Hrana,1.59
Salsa umak SK8,0011890,0.31,"300g,315g",Staklo,Snack Day,1.59,5.3,20108595,Hrana,1.59
Salsa umak SK8,0011890,0.31,"300g,315g",Staklo,Snack Day,1.59,5.05,20108601,Hrana,1.59
Salata krumpir SK18,0011927,1,1kg,Posudica,Chef Select,2.89,2.89,4056489583035,Hrana,2.89
Mljeveni crni papar,0012046,0.05,50g,Staklo,Kania,1.29,25.8,20249854,Hrana,1.29
Mješavina crvenog voæa ,0012131,0.75,750g,Vrecica,-,4.49,5.99,20130596,Hrana,4.49
Keksi za sreæu,0012541,0.06,60g,Kart. na prekl.,Vitasia,1.99,3.32,20129125,Hrana,1.99
Premium jogurt SK15,0012564,0.15,150g,Posudica,Milbona,1.09,7.27,20046897,Hrana,1.09
Premium jogurt SK15,0012564,0.15,150g,Posudica,Milbona,1.09,7.27,4056489516736,Hrana,1.09
"Vafel s kremom od lješnjaka, UTZ",0013075,0.25,250g,Pakovanje,Sondey,2.59,10.36,20146085,Hrana,2.59
Filter za kavu No.4,0019145,0.185,100komad,Kart. na prekl.,Bellarom,1.29,0.01,4056489149934,Proizvodi za kuæanstvo,1.29
Bijela èokolada,0019545,0.1,100g,Tabla,Fin Carré,1.69,16.9,20368197,Hrana,1.69
Gazirano piæe od grejpa,0021155,1.5,"1,5l",PET-Boca,Freeway,0.89,0.59,20485696,Piæe,0.99
Minis Caramel,0021249,0.35,350g,Vrecica,Mister Choc,3.59,10.26,20046309,Hrana,3.59
Sredstvo za èišæenje poda SK17,0021341,1.01,1l,PET-Boca,W5,1.85,1.85,20072407,Sredstva za èišæenje,1.85
Sredstvo za èišæenje poda SK17,0021341,1.01,1l,PET-Boca,W5,1.85,1.85,20553265,Sredstva za èišæenje,1.85
Sredstvo za èišæenje poda SK17,0021341,1.01,1l,PET-Boca,W5,1.85,1.85,20920739,Sredstva za èišæenje,1.85
Sredstvo za èišæenje poda SK17,0021341,1.01,1l,PET-Boca,W5,1.85,1.85,4056489210054,Sredstva za èišæenje,1.85
Mješavina za tart SK1,0021592,0.513,"490g,535g",Kart. na prekl.,Duc de Coeur,2.29,4.67,20189167,Hrana,2.29
"Cantuccini Hrskavo pecivo SK2, RFA",0021969,0.3,300g,Vrecica,Sondey,2.39,7.97,20138318,Hrana,2.29
Fusilli Tricolore HWG,0022355,0.5,500g,Vrecica,Combino,1.29,2.58,20003494,Hrana,1.29
Original tal. ocat Balsamico ,0022471,0.55,"0,5l",Boca,Acentino,1.99,3.98,20087579,Hrana,1.99
Tart SK8,0022531,0.26,260g,Kart. na prekl.,Duc de Coeur,2.99,11.5,20169961,Hrana,2.99
Integralni raženi kruh,0022693,0.5,500g,Vrecica,Tastino,1.19,2.38,20006105,Hrana,1.19
Kiseli gumeni bomboni breskva,0023136,0.4,400g,Vrecica,Sweet Corner,2.19,5.48,20708191,Hrana,2.19
Kolaè s ribanim tijestom SK10,0024334,0.4,400g,Pakovanje,Alpenfest,2.49,6.23,20268626,Hrana,2.49
Kolaè s ribanim tijestom SK10,0024334,0.4,400g,Pakovanje,Alpenfest,2.49,6.23,20268633,Hrana,2.49
Corte alle Mura Chianti Riserva,0024692,0.75,"0,75l",Boca,,4.99,6.65,8009307016730,Piæe,4.99
Uljni sprej za sunèanje ZF 6,0024984,0.226,250ml,PET-Boca,Cien Sun,5.49,21.96,4056489368335,Kozmetika,5.49
Amaretti keksi,0026238,0.2,200g,Pakovanje,Italiamo,1.69,8.45,20034184,Hrana,1.69
Sir Brie 60%,0026804,0.2,200g,Pakovanje,Milbona,2.25,11.25,4056489117582,Hrana,2.25
Èetkice za zube Classic Care SK5,0027020,0.051,4komad,Pakovanje,Dentalux,0.89,0.22,20063153,Kozmetika,0.89
Prekooceanska mini vina SK9,0027309,0.25,"0,25l",Boca,Cimarosa,1.89,7.56,4056489309185,Piæe,1.89
Zaštitna Anti-age krema za sunè SK6,0027370,0.075,75ml,Tuba,Cien Sun,4.99,66.53,4056489368427,Kozmetika,4.99
"Bio jogurt 3,8%",0027420,0.15,150g,Posudica,Pilos,0.55,3.67,4056489028987,Hrana,0.55
Mini Mix Sladoled na štapiæu SK6,0027551,0.432,12x50ml,Kart. na prekl.,Gelatelli,6.39,10.65,4056489375135,Hrana,6.39
Gel za brijanje ,0028839,0.2,200ml,Limenka,Cien MEN,2.09,10.45,20871598,Kozmetika,2.09
Flaster SK7,0028901,0.023,"20komad,40komad",Pakovanje,Sensiplast,0.89,0.02,20084936,Proizvodi za kuæanstvo,0.89
Flaster SK7,0028901,0.023,"20komad,40komad",Pakovanje,Sensiplast,0.89,0.04,20084974,Proizvodi za kuæanstvo,0.89
Flaster SK7,0028901,0.023,"20komad,40komad",Pakovanje,Sensiplast,0.89,0.04,4042441018424,Proizvodi za kuæanstvo,0.89
Flaster SK7,0028901,0.023,"20komad,40komad",Pakovanje,Sensiplast,0.89,0.04,4042441018431,Proizvodi za kuæanstvo,0.89
Flaster SK7,0028901,0.023,"20komad,40komad",Pakovanje,Sensiplast,0.89,0.04,4042441018455,Proizvodi za kuæanstvo,0.89
Flaster SK7,0028901,0.023,"20komad,40komad",Pakovanje,Sensiplast,0.89,0.04,4056489235576,Proizvodi za kuæanstvo,0.89
Flaster SK7,0028901,0.023,"20komad,40komad",Pakovanje,Sensiplast,0.89,0.02,40895376,Proizvodi za kuæanstvo,0.89
Tortilla èips SK 19,0029058,0.3,300g,Vrecica,El Tequito,1.49,4.97,4056489331360,Hrana,1.69
Tortilla èips SK 19,0029058,0.3,300g,Vrecica,El Tequito,1.49,4.97,4056489687931,Hrana,1.69
Tortilla èips SK1,0029068,0.2,200g,Vrecica,Vitasia,1.39,6.95,20151133,Hrana,1.39
Tortille SK4,0029070,0.24,240g,Pakovanje,El Tequito,1.29,5.38,20121525,Hrana,1.29
Tal. sjeckana rajèica sa zaè. SK1,0029238,0.4,425ml,Limenka,Baresa,1.19,2.98,20198060,Hrana,1.19
Tal. sjeckana rajèica sa zaè. SK1,0029238,0.4,425ml,Limenka,Baresa,1.19,2.98,20198084,Hrana,1.19
Extra džem od višnje SK2,0031562,0.45,450g,Staklo,Maribel,2.59,5.76,20000783,Hrana,2.59
Èokolada SK2,0031870,0.1,100g,Tabla,Alpenfest,1.09,10.9,20236267,Hrana,1.09
Èokolada SK2,0031870,0.1,100g,Tabla,Alpenfest,1.09,10.9,20236281,Hrana,1.09
Snack kobasica Tirolska SK3,0032325,0.15,150g,Atmos-Pakiranje,Alpenfest,1.99,13.27,20421366,Hrana,1.99
Snack kobasica Tirolska SK3,0032325,0.15,150g,Atmos-Pakiranje,Alpenfest,1.99,13.27,20421397,Hrana,1.99
Liebfraumilch ,0032468,0.75,"0,75l",Boca,-,3.29,4.39,4335619001350,Piæe,3.29
Australski Chardonnay (EUA),0034496,0.75,"0,75l",Boca,Cimarosa,3.99,5.32,4304493261518,Piæe,3.99
Südafrika Pinotage (EUA),0034515,0.75,"0,75l",Boca,Cimarosa,3.99,5.32,20245009,Piæe,3.99
Kal. Zinfandel rose vino (EUA),0034522,0.75,"0,75l",Boca,Cimarosa,3.49,4.65,4304493261525,Piæe,3.49
AUS Cabernet Sauvignon,0034524,0.748,"0,75l",Boca,Cimarosa,3.99,5.32,20245115,Piæe,3.99
"Tortilla èips SK1, SK5, SK6",0034632,0.15,150g,Vrecica,Snack Day,1.19,7.93,20260798,Hrana,1.19
"Tortilla èips SK1, SK5, SK6",0034632,0.15,150g,Vrecica,Snack Day,1.19,7.93,4056489452379,Hrana,1.19
Mlijeko za sunèanje ZF 20,0034646,0.257,250ml,PET-Boca,Cien Sun,4.49,17.96,4056489601661,Kozmetika,4.49
Viura/Airen Valdepenas DO,0036724,0.75,"0,75l",Boca,Vega del Cega,2.49,3.32,4335619001428,Piæe,2.49
Svježi sok od crvene naranèe 100%,0037475,1.047,1l,PET-Boca,Solevita,2.99,2.99,20254162,Hrana,2.99
Maslac za tijelo SK7,0038468,0.394,400ml,Kozm.posudica,Cien,2.99,7.48,4056489665656,Kozmetika,2.99
Pasta za zube SK9,0038752,0.155,125ml,Tuba,Dentalux,1.05,8.4,4056489708384,Kozmetika,1.05
"Tamponi, razne vrste 56-80 kom. SK8",0038769,0.178,"56komad,64komad,80komad",Kart. na prekl.,Siempre,3.69,0.06,4056489849001,Proizvodi za kuæanstvo,3.69
"Tamponi, razne vrste 56-80 kom. SK8",0038769,0.178,"56komad,64komad,80komad",Kart. na prekl.,Siempre,3.69,0.06,4056489849018,Proizvodi za kuæanstvo,3.69
Hrana za pse SK13,0038821,0.3,300g,Plitica,Orlando,0.79,2.63,4056489576686,Proizvodi za kuæanstvo,0.89
"Svijetlo pivo 4,9%",0038868,5,5l,Bacva,Perlenbacher,8.99,1.8,20029906,Piæe,8.99
Balsamico umak SK5,0039128,0.316,250ml,PET-Boca,Italiamo,1.39,5.56,20250515,Hrana,1.39
Balsamico umak SK5,0039128,0.316,250ml,PET-Boca,Italiamo,1.39,5.56,8006614050075,Hrana,1.39
Predjela na talijanski naèin SK16,0039135,0.288,"285g,300g",Staklo,Italiamo,2.29,8.04,20097868,Hrana,2.29
Pizza Margerita,0039155,0.3,300g,Kart. na prekl.,Trattoria Alfredo,1.99,6.63,20218386,Hrana,1.99
Pijesak za maèke,0039172,10,10kg,Vrecica,Coshida,3.75,0.38,4012345678901,Proizvodi za kuæanstvo,3.75
Vrhnje za kavu 12%,0039193,0.2,200g,Pakovanje,Milbona,0.89,4.45,20045760,Hrana,0.89
Aioli umak,0039239,0.2,200g,Posudica,Sol&Mar,1.19,5.95,4056489617907,Hrana,1.59
Maramice za njegu kontr. ploèe SK2,0039559,0.227,30komad,Pakovanje,W5,2.29,0.08,20199203,Proizvodi za kuæanstvo,2.29
Zaèini SK3,0039567,0.046,"35g,45g,65g",PET-Boca,Vitasia,0.99,1.52,20400866,Hrana,0.99
Zaèini SK3,0039567,0.046,"35g,45g,65g",PET-Boca,Vitasia,0.99,1.52,20400873,Hrana,0.99
Zaèini SK3,0039567,0.046,"35g,45g,65g",PET-Boca,Vitasia,0.99,2.83,20400897,Hrana,0.99
Francuski senf SK3,0039577,0.2,200g,Staklo,Kania,1.79,8.95,20201838,Hrana,1.79
Vlažne maramice za staklo,0039826,0.19,30komad,Pakovanje,W5,1.99,0.07,4056489333630,Proizvodi za kuæanstvo,1.99
Asia umaci SK6,0040086,0.284,250ml,Boca,Vitasia,1.49,5.96,4056489378907,Hrana,1.49
Goldbrand 30% vol.,0040094,0.673,"0,7l",Boca,Alliance,5.39,7.7,4304493257320,Piæe,5.39
Kremasti jogurt SK2,0043990,0.15,150g,Posudica,Italiamo,0.89,5.93,20257194,Hrana,0.89
Bijele peèenice,0044220,1,1kg,Vakumir. pakov.,Grillmeister,6.69,6.69,4335619012691,Hrana,6.69
Sred. za èišæenje naplataka/insek.,0044872,0.758,750ml,PET-Boca,W5,3.29,4.39,20249014,Sredstva za èišæenje,3.29
Sred. za èišæenje naplataka/insek.,0044872,0.758,750ml,PET-Boca,W5,3.29,4.39,4335619058149,Sredstva za èišæenje,3.29
Èešnjak u prahu,0045065,0.062,62g,Staklo,Kania,1.19,19.19,20249861,Hrana,1.19
Origano usitnjeni,0045073,0.012,12g,Staklo,Kania,0.99,0.99,20249878,Hrana,0.99
Twist s maslacem SK2,0045986,0.125,125g,Pakovanje,Duc de Coeur,1.39,11.12,4056489257868,Hrana,1.39
Èok. prutiæi s keksom i karamelom,0047349,0.29,290g,Pakovanje,Mister Choc,2.79,9.62,20272760,Hrana,2.79
Riža na mlijeku SK4,0051988,0.2,200g,Posudica,Pilos,0.79,3.95,20277680,Hrana,0.79
Riža na mlijeku SK4,0051988,0.2,200g,Posudica,Pilos,0.79,3.95,20277703,Hrana,0.79
Pileæi medaljoni Safari,0052500,0.4,400g,Kart. na prekl.,Culinea,4.64,11.6,20813727,Hrana,4.64
Vodeni sladoled SK14,0052987,0.696,6x110ml,Kart. na prekl.,Bon Gelati,2.99,4.53,20289362,Hrana,2.99
"Smrznuto povræe, SK7",0054707,0.45,450g,Vrecica,Freshona,1.59,3.53,4056489534051,Hrana,1.79
Premium sladoled u kornetu SK6,0054730,0.456,6x120ml,Kart. na prekl.,Gelatelli,3.99,5.54,20459703,Hrana,3.99
Tortilla èips XXL SK2,0054771,0.375,375g,Vrecica,Snack Day,1.99,5.31,20294823,Hrana,1.99
Dvostruka britvica XXL 25 komada,0054780,0.07,1komad,Blister,Cien men,4.29,4.29,4056489117834,Kozmetika,4.29
"Èajno pecivo SK2, UTZ",0055526,0.3,300g,Kart. na prekl.,Sondey,2.75,9.17,20302993,Hrana,2.75
Puding s vrhnjem (500g) SK1,0057580,0.5,500g,Posudica,Milbona Selection,1.99,3.98,20301415,Hrana,1.79
Specijaliteti od kozjeg sira SK30,0058128,0.1,100g,Pakovanje,Duc de Coeur,1.71,17.1,20462352,Hrana,1.71
Ledena kava SK6,0058658,0.261,250ml,Posudica,Milbona,1.09,4.36,4304493262126,Hrana,1.09
Salvete 3-sl. više boja sort.,0058708,0.147,30komad,Pakovanje,Floralys,0.95,0.03,20007416,Proizvodi za kuæanstvo,0.95
Extra hrskavi èips SK8,0059344,0.125,125g,Vrecica,Snack Day,1.39,11.12,20551834,Hrana,1.39
"Dvostruki èok. keksi, UTZ",0059738,0.15,150g,Pakovanje,Sondey,1.49,9.93,20393113,Hrana,1.49
Amerièka pizza SK3,0059859,0.44,440g,Kart. na prekl.,MCENNEDY,2.89,6.57,20543082,Hrana,2.89
Amerièka pizza SK3,0059859,0.44,440g,Kart. na prekl.,MCENNEDY,2.89,6.57,4056489450856,Hrana,2.89
Grèki zaèini SK5,0060253,0.041,"35g,40g,50g",Limenka,Eridanous,0.79,22.57,4056489644262,Hrana,0.79
Grèki zaèini SK5,0060253,0.041,"35g,40g,50g",Limenka,Eridanous,0.79,19.75,4056489644262,Hrana,0.79
Grèki zaèini SK5,0060253,0.041,"35g,40g,50g",Limenka,Eridanous,0.79,19.75,4056489723646,Hrana,0.79
Grèki zaèini SK5,0060253,0.041,"35g,40g,50g",Limenka,Eridanous,0.79,22.57,4056489723653,Hrana,0.79
Grèki zaèini SK5,0060253,0.041,"35g,40g,50g",Limenka,Eridanous,0.79,19.75,4056489723653,Hrana,0.79
Kolaè od dizanog tijesta SK2,0060487,0.45,450g,Pakovanje,Alpenfest,2.99,6.64,20669454,Hrana,2.79
Pizza šunka-šampinjoni XXL,0060812,1.02,3x340g,Kart. na prekl.,Trattoria Alfredo,6.49,6.36,20558192,Hrana,6.49
Klipiæ s maslinama,0061022,0.1,90g,Rasuto,,0.49,5.44,20800468,Hrana,0.49
Dezodorans SK21,0062781,0.117,200ml,Limenka,Cien,1.29,6.45,20549176,Kozmetika,1.29
Dezodorans SK21,0062781,0.117,200ml,Limenka,Cien,1.29,6.45,20549190,Kozmetika,1.29
Dezodorans SK21,0062781,0.117,200ml,Limenka,Cien,1.29,6.45,4056489235934,Kozmetika,1.29
Dezodorans SK21,0062781,0.117,200ml,Limenka,Cien,1.29,6.45,4056489321859,Kozmetika,1.29
Dezodorans muški SK15,0062785,0.124,200ml,Limenka,Cien MEN,1.29,6.45,20354527,Kozmetika,1.29
Chardonnay IGP Terre Siciliane ,0063293,0.75,"0,75l",Boca,CORTE AURELIO,3.49,4.65,4056489220534,Piæe,3.49
Aluminijska posuda za roštiljanje,0065249,0.172,10komad,Pakovanje,Grillmeister,3.49,0.35,20341701,Proizvodi za kuæanstvo,3.49
Smoki XXL sort. SK1,0065418,0.2,"150g,250g",Vrecica,Snack Day,1.19,4.76,20343149,Hrana,1.19
Aluminijska folija,0065442,0.207,1komad,Kart. na prekl.,Grillmeister,3.79,3.79,20343637,Proizvodi za kuæanstvo,3.79
Salama sort. XXL SK1,0065617,0.24,240g,Atmos-Pakiranje,Dulano,2.49,10.38,20339555,Hrana,2.49
Krema za ruke SK6,0065854,0.109,"125ml,75ml",Tuba,Cien,1.19,9.52,20334338,Kozmetika,1.19
Krema za ruke SK6,0065854,0.109,"125ml,75ml",Tuba,Cien,1.19,9.52,20548612,Kozmetika,1.19
Krema za ruke SK6,0065854,0.109,"125ml,75ml",Tuba,Cien,1.19,15.87,4056489234098,Kozmetika,1.19
Odstr. laka za nokte bez acet. SK8,0065975,0.173,200ml,Dozator,Cien,1.99,9.95,20336783,Kozmetika,1.99
Kalifornijske pistacije ,0067958,0.25,250g,Vrecica,Alesto,4.39,17.56,20337292,Hrana,4.39
Kalifornijske pistacije ,0067958,0.25,250g,Vrecica,Alesto,4.39,17.56,4335619185050,Hrana,4.39
Sladoled na štapiæu classic XXL,0068180,0.672,8x120ml,Kart. na prekl.,Bon Gelati,4.99,5.2,20355159,Hrana,4.99
Alpenstern Limburger Sir SK4,0068296,0.2,200g,Pakovanje,,3.99,19.95,4101430016329,Hrana,3.19
Beauty kompaktni puder SK4,0069825,0.005,"4,5g",Pakovanje,Cien,2.25,2.25,20009854,Kozmetika,2.25
Vafel keksi SK6,0069861,0.4,400g,Vrecica,Sondey,3.29,8.23,20005443,Hrana,3.29
Vafel keksi SK6,0069861,0.4,400g,Vrecica,Sondey,3.29,8.23,20036799,Hrana,3.29
Nizozemska Gouda u kori,0070138,0.45,450g,Pakovanje,Milbona,5.95,13.22,4056489203360,Hrana,5.95
Maramice za èišæenje XXL SK1,0070686,1.64,4x80komad,Pakovanje,W5,5.89,0.02,20376994,Proizvodi za kuæanstvo,5.89
Maramice za èišæenje XXL SK1,0070686,1.64,4x80komad,Pakovanje,W5,5.89,0.02,20377007,Proizvodi za kuæanstvo,5.89
Mini prutiæi ,0070702,0.5,500g,Pakovanje,Mister Choc,4.39,8.78,20368050,Hrana,4.39
Bitter Aperitiv 11% Vol.,0070927,0.762,"0,7l",Boca,Bitterol,3.99,5.7,20377014,Piæe,3.99
Dip umak SK2,0072097,0.35,350ml,PET-Boca,Kania,2.29,6.54,20382001,Hrana,2.29
Dip umak SK2,0072097,0.35,350ml,PET-Boca,Kania,2.29,6.54,20382018,Hrana,2.29
Dimljene hrenovke XXL,0072395,0.5,500g,Atmos-Pakiranje,Dulano,3.99,7.98,20339395,Hrana,3.99
Hrenovke od mesa peradi bez ovitka,0072481,0.25,250g,Vakumir. pakov.,Dulano,0.89,3.56,20385569,Hrana,0.89
Kalifornijske pistacije XXL,0072752,0.3,300g,Vrecica,Alesto,4.09,13.63,4335619014466,Hrana,4.39
Jumbo flips s kikirikijem,0072794,0.45,450g,Vrecica,MCENNEDY,2.49,5.53,20387884,Hrana,2.49
Instant tjestenina SK1,0073974,0.054,"44g,50g,57g,66g",Posudica,Vitasia,1.29,25.8,20387341,Hrana,1.29
Instant tjestenina SK1,0073974,0.054,"44g,50g,57g,66g",Posudica,Vitasia,1.29,25.8,20387365,Hrana,1.29
Preljev za slastice SK2,0074717,0.3,300g,PET-Boca,Gelatelli,1.79,5.97,20565268,Hrana,1.79
Preljev za slastice SK2,0074717,0.3,300g,PET-Boca,Gelatelli,1.79,5.97,20565275,Hrana,1.79
Premium torta SK1,0075239,0.75,750g,Kart. na prekl.,Deluxe,7.99,10.65,20525613,Hrana,7.99
Žvakaæe gume,0077222,0.014,14g,Pakovanje,Jetgum,0.39,0.39,20389192,Hrana,0.39
Tortilla wraps 6x25cm,0077481,0.37,370g,Pakovanje,El Tequito,1.19,3.22,4335619047129,Hrana,1.25
Hugo,0077503,0.75,"0,75l",Boca,Allini,2.99,3.99,4056489237365,Piæe,2.99
Hugo,0077503,0.75,"0,75l",Boca,Allini,2.99,3.99,4056489847762,Piæe,2.99
Èetkica za zube Performance SK5,0077569,0.016,1komad,Pakovanje,Dentalux,0.89,0.89,20411442,Kozmetika,0.89
Èetkica za zube Performance SK5,0077569,0.016,1komad,Pakovanje,Dentalux,0.89,0.89,20411459,Kozmetika,0.89
Èetkica za zube Performance SK5,0077569,0.016,1komad,Pakovanje,Dentalux,0.89,0.89,4056489845591,Kozmetika,0.89
Èetkica za zube Performance SK5,0077569,0.016,1komad,Pakovanje,Dentalux,0.89,0.89,4056489845607,Kozmetika,0.89
Grèki jogurt SK2,0077784,0.5,4x125g,Posudica,Milbona,1.99,3.98,20367336,Hrana,1.99
Grèki jogurt SK2,0077784,0.5,4x125g,Posudica,Milbona,1.99,3.98,4056489010722,Hrana,1.99
Talijanski desertni specijal. SK14,0077845,0.193,"2x100g,2x90g",Pakovanje,Italiamo,1.69,9.39,20401788,Hrana,1.69
Tiramisu SK4,0077850,0.16,2x80g,Posudica,Italiamo,1.59,9.94,20401757,Hrana,1.59
Vafli od šeæera,0077923,0.55,550g,Pakovanje,Sondey,3.39,6.16,4056489364689,Hrana,3.39
Puding SK1,0078048,0.2,200g,Posudica,Pilos,0.75,3.75,20418397,Hrana,0.75
Mješavina vafla ili keksa XXL SK1,0079854,0.495,"440g,550g",Vrecica,Sondey,2.89,5.25,20420925,Hrana,3.49
Hamburger/Hot Dog peciva SK14,0079870,0.278,"250g,300g",Vrecica,Tastino,1.19,3.97,20151690,Hrana,1.19
Kukuruz šeæerac 2 kom.,0082860,0.4,2komad,Pakovanje,,2.49,2.49,20247935,Hrana,1.99
Kukuruz šeæerac 2 kom.,0082860,0.4,2komad,Pakovanje,,2.49,2.49,5901549498011,Hrana,1.99
Kukuruz 400g,0082864,0.4,400g,Pakovanje,,1.99,1.99,20401634,Hrana,1.99
Kukuruz 400g,0082864,0.4,400g,Pakovanje,,1.99,1.99,20408367,Hrana,1.99
Brokula 500g,0082904,0.5,500g,Pakovanje,,1.49,2.98,20242091,Hrana,1.49
Brokula 500g,0082904,0.5,500g,Pakovanje,,1.49,2.98,8001402070211,Hrana,1.49
Bukovaèa 250g,0082986,0.25,250g,Pakovanje,,1.39,5.56,3859889614726,Hrana,1.39
Šampinjoni 500g,0083018,0.5,500g,Pakovanje,,1.89,3.78,3859889267007,Hrana,1.89
Baby šampinjoni 300g,0083022,0.3,300g,Pakovanje,,1.39,4.63,20540586,Hrana,1.39
Peršin list 50g,0083435,0.05,50g,Pakovanje,,0.89,17.8,20942854,Hrana,0.89
BIO mrkva 500g,0084609,0.5,500g,Pakovanje,,1.29,2.58,20568382,Hrana,1.29
Bio zaèinsko bilje,0084647,0,1komad,Lonac,,1.19,1.19,20242800,Hrana,1.49
Bio zaèinsko bilje,0084647,0,1komad,Lonac,,1.19,1.19,20934200,Hrana,1.49
Bio zaèinsko bilje,0084647,0,1komad,Lonac,,1.19,1.19,20934217,Hrana,1.49
Bio zaèinsko bilje,0084647,0,1komad,Lonac,,1.19,1.19,40897288,Hrana,1.49
Bio zaèinsko bilje,0084647,0,1komad,Lonac,,1.19,1.19,40897301,Hrana,1.49
Sir SK3,0087009,0.175,175g,Pakovanje,Eridanous,2.29,13.09,20668631,Hrana,2.04
Svježi cappelletti sort. SK3,0087019,0.25,250g,Vrecica,Deluxe,2.29,9.16,20438326,Hrana,2.29
Sjajilo za obuæu SK3,0087031,0.075,1komad,Nepakirano,W5,1.29,1.29,20439088,Sredstva za èišæenje,1.29
Rioja DOCa blanco Joven,0087255,0.75,"0,75l",Boca,Cepa Lebrel,2.99,3.99,4056489114499,Piæe,2.99
Carpaccio od lososa s parmezanom,0087261,0.123,123g,Pakovanje,Deluxe,3.99,31.92,4056489554554,Hrana,3.99
Sirup SK26,0087297,0.903,"0,7l",PET-Boca,Solevita,1.99,2.84,4304493262867,Piæe,1.99
Umaci na talijanski naèin SK1,0087611,0.35,350g,Staklo,Italiamo,1.59,4.54,20431457,Hrana,1.59
Umaci na talijanski naèin SK1,0087611,0.35,350g,Staklo,Italiamo,1.59,4.54,20431488,Hrana,1.59
Snack od sira sort.,0088099,0.22,220g,Pakovanje,Milbona,3.29,14.95,4006923082211,Hrana,3.29
Fini umaci za tjesteninu SK1,0088272,0.35,350g,Staklo,Deluxe,1.69,4.83,20448738,Hrana,1.69
Šampon protiv prhuti SK10,0088436,0.3,300ml,PET-Boca,Cien,1.29,4.3,4056489424185,Kozmetika,1.29
Šampon protiv prhuti SK10,0088436,0.3,300ml,PET-Boca,Cien,1.29,4.3,4056489754091,Kozmetika,1.29
Tilsiter listiæi,0088534,0.15,150g,Pakovanje,Milbona,1.99,13.27,4056489171966,Hrana,1.99
Staklena tjestenina,0089804,0.1,100g,Vrecica,Combino,0.65,6.5,20441951,Hrana,0.65
Pohano voæe SK1,0091211,0.4,400g,Kart. na prekl.,Vitasia,3.19,7.98,20487904,Hrana,2.99
Sušene rajèice,0091438,0.1,100g,Vrecica,Italiamo,1.79,17.9,20487942,Hrana,1.79
Gel za tuširanje 3u1 SK16,0091976,0.309,300ml,PET-Boca,Cien,1.05,3.5,4056489236245,Kozmetika,1.05
Gel za tuširanje 3u1 SK16,0091976,0.309,300ml,PET-Boca,Cien,1.05,3.5,4056489688136,Kozmetika,1.05
Gel za tuširanje 3u1 SK16,0091976,0.309,300ml,PET-Boca,Cien,1.05,3.5,4056489753063,Kozmetika,1.05
Regenerator za kosu SK1 ,0092854,0.2,200ml,Tuba,Cien,2.19,10.95,20778354,Kozmetika,2.19
Macaroni al Forno,0093667,1,1kg,Plitica,Italiamo,4.79,4.79,20486501,Hrana,4.79
Kremasti kefir SK4,0094282,0.25,250g,Posudica,Pilos,0.99,3.96,4056489109648,Hrana,0.99
Kremasti kefir SK4,0094282,0.25,250g,Posudica,Pilos,0.99,3.96,4056489109662,Hrana,0.99
Tortelloni XXL SK7,0095124,0.5,500g,Vrecica,Chef Select,2.35,4.7,4056489096627,Hrana,2.35
La Brique meki kremasti sir,0095631,0.2,200g,Pakovanje,Duc de Coeur,2.99,14.95,20487652,Hrana,2.99
Zaèini za kavu SK3,0097017,0.09,90g,Limenka,Deluxe,1.79,19.89,20515157,Hrana,1.79
"Pizza Mozzarella XXL, 3 kom.",0097163,1.005,3x335g,Kart. na prekl.,Trattoria Alfredo,5.99,5.96,20516659,Hrana,5.99
Maslinovo ulje za prženje,0097197,0.913,1l,PET-Boca,Primadonna,6.99,6.99,20507664,Hrana,6.99
Snack s okusom slanine,0097344,0.13,130g,Vrecica,Snack Day,1.49,11.46,20522506,Hrana,1.49
Sushi SK7,0098479,0.195,"190g,200g",Pakovanje,Chef Select to go,3.79,18.95,20917265,Hrana,3.79
Balsamico di Modena,0099168,0.329,250ml,Boca,Deluxe,3.99,15.96,20568009,Hrana,3.99
Balsamico di Modena,0099168,0.329,250ml,Boca,Deluxe,3.99,15.96,4056489440512,Hrana,3.99
o.b. Tamponi SK1,0099299,0.052,"54komad,64komad",Kart. na prekl.,,4.29,0.08,3574661128603,Proizvodi za kuæanstvo,4.29
o.b. Tamponi SK1,0099299,0.052,"54komad,64komad",Kart. na prekl.,,4.29,0.08,3574661128627,Proizvodi za kuæanstvo,4.29
o.b. Tamponi SK1,0099299,0.052,"54komad,64komad",Kart. na prekl.,,4.29,0.08,3574661301563,Proizvodi za kuæanstvo,4.29
o.b. Tamponi SK1,0099299,0.052,"54komad,64komad",Kart. na prekl.,,4.29,0.07,3574661301563,Proizvodi za kuæanstvo,4.29
Višekratna vreæica,0099430,0.175,1komad,Nepakirano,-,1.19,1.19,20573010,Proizvodi za kuæanstvo,1.19
Wasabi pasta,0099723,0.043,43g,Tuba,Vitasia,0.79,0.79,20564926,Hrana,0.99
BENGAL Tablete protiv komaraca,0099897,0.033,30komad,Pakovanje,,1.49,0.05,8008090044074,Proizvodi za kuæanstvo,1.49
BENGAL Tablete protiv komaraca,0099897,0.033,30komad,Pakovanje,,1.49,0.05,8008090603264,Proizvodi za kuæanstvo,1.49
Javorov sirup,0106210,0.25,250ml,Boca,MCENNEDY,3.99,15.96,20177492,Hrana,3.99
Fondant masa SK1,0106499,0.25,250g,Pakovanje,Belbake,1.49,5.96,20601638,Hrana,1.49
Vreæica mala,0108162,0.013,1komad,Nepakirano,,0.09,0.09,20612061,Proizvodi za kuæanstvo,0.09
Premium Sol u mlincu SK11,0108674,0.153,"180g,70g",Staklo,Deluxe,3.89,55.57,20611774,Hrana,3.89
Premium Sol u mlincu SK11,0108674,0.153,"180g,70g",Staklo,Deluxe,3.89,21.61,20611774,Hrana,3.89
Premium Sol u mlincu SK11,0108674,0.153,"180g,70g",Staklo,Deluxe,3.89,55.57,4056489864448,Hrana,3.89
Premium Sol u mlincu SK11,0108674,0.153,"180g,70g",Staklo,Deluxe,3.89,21.61,4056489868941,Hrana,3.89
Pohani sir SK1,0110739,0.25,250g,Kart. na prekl.,Alpenfest,3.29,13.16,4056489130550,Hrana,3.29
Tekuæi puder SK7,0111947,0.034,30ml,Tuba,Cien,2.89,2.89,20065386,Kozmetika,2.89
Tekuæi puder SK7,0111947,0.034,30ml,Tuba,Cien,2.89,2.89,20065393,Kozmetika,2.89
Tekuæi puder SK7,0111947,0.034,30ml,Tuba,Cien,2.89,2.89,20667993,Kozmetika,2.89
Tekuæi puder SK7,0111947,0.034,30ml,Tuba,Cien,2.89,2.89,20668006,Kozmetika,2.89
Maskara SK5,0112001,0.014,10ml,Pakovanje,Cien,2.25,2.25,4056489620037,Kozmetika,2.25
Mortadela s pistacijama,0112524,0.15,150g,Atmos-Pakiranje,Dulano Selection,2.19,14.6,20568825,Hrana,2.19
Maslac za usne SK10,0112665,0.008,"3,3ml",Pakovanje,Cien,2.49,2.49,20582340,Kozmetika,2.49
Maslac za usne SK10,0112665,0.008,"3,3ml",Pakovanje,Cien,2.49,2.49,20668952,Kozmetika,2.49
Maslac za usne SK10,0112665,0.008,"3,3ml",Pakovanje,Cien,2.49,2.49,20955090,Kozmetika,2.49
Keksi s kremom od vanilije,0115227,0.5,500g,Pakovanje,Sondey,1.99,3.98,20627096,Hrana,1.99
Sirni namaz SK27,0115249,0.11,"100g,125g",Pakovanje,Alpenfest,1.89,18.9,20621971,Hrana,1.79
"Gumene rukavice, 2 para SK3",0115731,0.04,4komad,Pakovanje,W5,0.99,0.25,20655020,Proizvodi za kuæanstvo,0.99
"Gumene rukavice, 2 para SK3",0115731,0.04,4komad,Pakovanje,W5,0.99,0.25,20655037,Proizvodi za kuæanstvo,0.99
"Gumene rukavice, 2 para SK3",0115731,0.04,4komad,Pakovanje,W5,0.99,0.25,4056489714705,Proizvodi za kuæanstvo,0.99
Focaccini SK1,0115956,0.3,300g,Vrecica,Chef Select,1.99,6.63,20696887,Hrana,1.99
ASC Dimljena pastrva SK1,0116232,0.125,125g,Pakovanje,Nautica,2.99,23.92,20625153,Hrana,2.99
ASC Dimljena pastrva SK1,0116232,0.125,125g,Pakovanje,Nautica,2.99,23.92,4056489417927,Hrana,2.99
Grissini SK4,0116673,0.25,250g,Kart. na prekl.,Italiamo,1.79,7.16,20184728,Hrana,1.79
Lak za nokte SK1,0116872,0.011,11ml,Boca,Cien,1.45,1.45,20657055,Kozmetika,1.45
Lak za nokte SK1,0116872,0.011,11ml,Boca,Cien,1.45,1.45,20657079,Kozmetika,1.45
Lak za nokte SK1,0116872,0.011,11ml,Boca,Cien,1.45,1.45,20916329,Kozmetika,1.45
Pizza sa salamom XXL,0117021,1.4,4x350g,Kart. na prekl.,Trattoria Alfredo,7.47,5.34,4056489487739,Hrana,7.47
Složenac od krumpira i rajèica,0117157,0.4,400g,Kart. na prekl.,Deluxe,3.29,8.23,20702175,Hrana,3.29
BO Pirovo pecivo sa sjemenkama,0117160,0.093,85g,Rasuto,,0.25,2.94,4056489102403,Hrana,0.39
Peterostruka britvica,0118123,0.022,1komad,Kart. na prekl.,Cien,5.29,5.29,20706968,Kozmetika,5.29
Bio ulje maslinovo eks. djev. ,0118801,0.41,500ml,Boca,Primadonna,6.49,12.98,4056489269243,Hrana,6.49
Orijentalni specijaliteti SK3,0119097,0.4,400g,Kart. na prekl.,1001 delights,3.19,7.98,20793173,Hrana,3.19
Hummus SK1,0119130,0.2,200g,Plitica,1001 delights,1.49,7.45,20757816,Hrana,1.49
Humus SK44,0119131,0.2,200g,Plitica,Vitasia,1.39,6.95,4056489436676,Hrana,1.39
Humus SK44,0119131,0.2,200g,Plitica,Vitasia,1.39,6.95,4056489889793,Hrana,1.39
Bulgur Salata SK5,0119137,0.213,"200g,250g",Plitica,Chef Select,1.79,8.95,20757830,Hrana,1.79
Orijentalni zaèini SK1,0119146,0.074,"60g,65g,75g,80g,85g",Vrecica,1001 delights,1.19,1.98,20840013,Hrana,1.19
Orijentalni zaèini SK1,0119146,0.074,"60g,65g,75g,80g,85g",Vrecica,1001 delights,1.19,1.49,20840037,Hrana,1.19
Orijentalni zaèini SK1,0119146,0.074,"60g,65g,75g,80g,85g",Vrecica,1001 delights,1.19,1.4,20840037,Hrana,1.19
Orijentalni zaèini SK1,0119146,0.074,"60g,65g,75g,80g,85g",Vrecica,1001 delights,1.19,1.59,20840044,Hrana,1.19
Orijentalni zaèini SK1,0119146,0.074,"60g,65g,75g,80g,85g",Vrecica,1001 delights,1.19,1.83,4056489936589,Hrana,1.19
Kozji sir,0119177,0.15,150g,Pakovanje,1001 delights,1.99,13.27,20757915,Hrana,1.99
Olovka za oèi / obrve SK2 ,0119367,0.002,1komad,Pakovanje,Cien,1.49,1.49,20009915,Kozmetika,1.49
Olovka za oèi / obrve SK2 ,0119367,0.002,1komad,Pakovanje,Cien,1.49,1.49,20759315,Kozmetika,1.49
Zeleni èaj UTZ SK21,0119798,0.044,"25x1,75g",Kart. na prekl.,Lord Nelson,1.29,1.29,4056489440215,Piæe,1.29
Pileæi medaljoni bez glutena,0119872,0.3,300g,Kart. na prekl.,Culinea,3.49,11.63,20763589,Hrana,3.49
Pileæi medaljoni bez glutena,0119872,0.3,300g,Kart. na prekl.,Culinea,3.49,11.63,4056489638902,Hrana,3.49
Soft biscuit naranèa XXL,0122308,0.45,450g,Pakovanje,Sondey,3.29,7.31,20816384,Hrana,3.29
Chang pivo INT 5%,0122431,0.32,320ml,Boca,,1.29,4.03,8851994513012,Piæe,0.91
Sangria,0122657,1.5,"1,5l",PET-Boca,-,1.49,0.99,4056489249191,Piæe,1.49
Tekuæi jogurt  SK8,0122949,0.85,850g,PET-Boca,Milbona,1.89,2.22,4304493270459,Hrana,1.89
Tekuæi jogurt  SK8,0122949,0.85,850g,PET-Boca,Milbona,1.89,2.22,4304493270497,Hrana,1.89
Medenjaci s èokoladom SK1,0123657,0.5,500g,Pakovanje,Tastino,2.99,5.98,20057411,Hrana,2.99
Sladoled kornet èoko-vanilija XXL,0123735,0.608,8x120ml,Kart. na prekl.,Bon Gelati,2.99,3.11,20847418,Hrana,3.09
"Ementaler - tvrdi sir, narezan",0127278,0.4,400g,Pakovanje,Milbona,4.99,12.48,4056489840428,Hrana,Nije_bilo_u_prodaji_02.05.2025
"Muffin šunka, jaje",0127759,0.132,132g,Rasuto,,1.33,10.08,20907495,Hrana,1.33
"Scotch Whisky 40%, 8 godina",0128107,0.685,"0,7l",Boca,Queen Margot,10.89,15.56,4304493262539,Piæe,10.89
Krema za ruke Tradition SK5,0128286,0.03,30ml,Tuba,Cien,1.29,1.29,20903169,Kozmetika,1.29
Krema za ruke Tradition SK5,0128286,0.03,30ml,Tuba,Cien,1.29,1.29,4335619069312,Kozmetika,1.29
Long Lasting gel lak za nokte,0128296,0.011,11ml,Boca,Cien Beauty,1.09,1.09,20979096,Kozmetika,1.09
Glossy Gel Lak za nokte SK18,0128299,0.011,11ml,Boca,Cien Beauty,1.15,1.15,4056489369035,Kozmetika,1.15
Glossy Gel Lak za nokte SK18,0128299,0.011,11ml,Boca,Cien Beauty,1.15,1.15,4056489751465,Kozmetika,1.15
Glossy Gel Lak za nokte SK18,0128299,0.011,11ml,Boca,Cien Beauty,1.15,1.15,4056489751472,Kozmetika,1.15
Glossy Gel Lak za nokte SK18,0128299,0.011,11ml,Boca,Cien Beauty,1.15,1.15,4335619073548,Kozmetika,1.15
Kikiriki prženi i slani - rinfuza,0128443,1,1kg,Rasuto,Alesto,3.98,3.98,20917791,Hrana,3.98
Mild Instant kava,0128613,0.2,200g,Staklo,Bellarom,5.85,29.25,4056489224532,Piæe,5.85
Meki kravlji sir XXL,0128665,0.4,400g,Vakumir. pakov.,Milbona,3.19,7.98,4056489450139,Hrana,3.19
Meki kravlji sir XXL,0128665,0.4,400g,Vakumir. pakov.,Milbona,3.19,7.98,4056489737452,Hrana,3.19
Grandioso puding SK7,0128681,0.175,175g,Posudica,Milbona,0.69,3.94,4056489656173,Hrana,0.69
"Bio kašica pire kr., po., i m. meso",0131927,0.19,190g,Staklo,Lupilu,0.99,5.21,20995669,Hrana,0.99
Sušene rajèice SK1,0132790,0.1,100g,Vrecica,Italiamo,2.19,21.9,20089429,Hrana,2.19
Hairvital Regenerator za kosu SK5,0133014,0.248,250ml,PET-Boca,Cien,1.49,5.96,20978488,Kozmetika,1.49
Hairvital Šampon za kosu SK5,0133026,0.309,300ml,PET-Boca,Cien,1.29,4.3,20978402,Kozmetika,1.29
Hairvital Šampon za kosu SK5,0133026,0.309,300ml,PET-Boca,Cien,1.29,4.3,4056489152767,Kozmetika,1.29
Pacifièke kozice u umaku SK12,0135387,0.1,100g,Sortirano,Vitasia,2.69,26.9,20134242,Hrana,2.69
Voæni èaj 30% UTZ,0135748,0.075,25x3g,Kart. na prekl.,Lord Nelson,1.39,18.53,40899237,Piæe,1.39
Kozice u umaku SK1,0135828,0.3,300g,Kart. na prekl.,Vitasia,4.49,14.97,20046620,Hrana,3.99
Tekuæi det. za pr. rublja SK1 27pr.,0136086,1.53,"1,485l",PET-Boca,Formil,3.85,2.59,4056489186618,Sredstva za èišæenje,3.85
Crvena leæa,0136391,0.5,500g,Samost.vreca,1001 delights,1.39,2.78,20092511,Hrana,1.39
Sladoled Vafl sendviè XXL SK1,0136449,0.455,10x90ml,Kart. na prekl.,Bon Gelati,3.39,3.77,4056489375302,Hrana,2.43
Prirodni regenerator za kosu SK3,0136838,0.25,250ml,PET-Boca,Cien,1.79,7.16,4056489254782,Kozmetika,1.79
Mimolette Polutvrdi sir,0137096,0.2,200g,Pakovanje,,3.98,19.9,3228022180136,Hrana,3.98
Žvakaæe gume SK1,0137289,0.098,98g,Limenka,Jetgum,1.49,15.2,20091859,Hrana,1.49
Sok od koncentrata limuna 100% SK2 ,0139917,0.207,200ml,PET-Boca,Solevita,0.69,3.45,4304493266308,Piæe,0.69
Papirnate slamke,0141123,0.026,25komad,Pakovanje,Grillmeister,0.59,0.02,4056489798149,Proizvodi za kuæanstvo,0.59
Pure Taste Suha hrana za pse SK1,0141821,1.5,"1,5kg",Vrecica,Orlando Pure Taste,4.49,2.99,4056489017097,Proizvodi za kuæanstvo,4.49
Maslinovo ulje SK4,0141884,0.458,500ml,Boca,Primadonna,3.99,7.98,4056489017493,Hrana,5.79
Mlj. èok. s raznim punjenjem SK1,0144007,0.299,"295g,300g",Tabla,Fin Carré,4.49,14.97,4056489030058,Hrana,4.49
Skyr (jogurt) natur,0144376,0.5,500g,Posudica,Milbona,1.79,3.58,4056489021445,Hrana,1.99
Prženi lješnjaci,0144497,0.2,200g,Vrecica,Alesto,3.89,19.45,20007676,Hrana,3.89
Prženi lješnjaci,0144497,0.2,200g,Vrecica,Alesto,3.89,19.45,4335619014404,Hrana,3.89
Nürnberška kobasica XXL,0144510,1,1000g,Vakumir. pakov.,Dulano,8.59,8.59,4056489033127,Hrana,8.59
Višekratna mrežica za voæe i povræe,0144601,0.015,2komad,Pakovanje,-,0.89,0.45,2293002000000,Proizvodi za kuæanstvo,0.89
Deterdžent za rublje 100pr SK1,0144674,5.05,5l,PET-Boca,Maxitrat,9.99,2,20083595,Sredstva za èišæenje,9.99
Deterdžent za rublje 100pr SK1,0144674,5.05,5l,PET-Boca,Maxitrat,9.99,2,20083649,Sredstva za èišæenje,9.99
Sladoled na štapiæu XXL,0145062,0.672,8x120ml,Kart. na prekl.,Bon Gelati,5.49,5.72,4056489375197,Hrana,5.49
Tamna èokolada limun-ðumbir,0145832,0.125,125g,Tabla,J.D. Gross,2.99,23.92,4056489095927,Hrana,2.99
Kimchi (OM 110g),0148315,0.19,215ml,Staklo,Vitasia,1.49,13.55,4056489125907,Hrana,1.49
Kokosovo brašno,0148486,0.25,250g,Vrecica,Belbake,1.19,4.76,4056489104254,Hrana,1.19
Mini keksi UTZ SK2,0148645,0.225,"6x37,5g",Pakovanje,Sondey,2.69,11.96,20434090,Hrana,2.69
Toffee & Nuts,0148651,0.125,125g,Pakovanje,Mister Choc,1.99,15.92,20243135,Hrana,1.99
"Grapefruit Radler 2,5%",0148687,0.512,"0,5l",Limenka,Argus,0.89,1.78,4304493269903,Piæe,0.89
Suho voæe Mango,0148837,0.1,100g,Vrecica,Alesto,2.59,25.9,4335619202337,Hrana,2.59
Suho voæe Mango,0148837,0.125,100g,Vrecica,Alesto,2.59,25.9,4056489150213,Hrana,2.59
Suho voæe Mango,0148837,0.125,100g,Vrecica,Alesto,2.59,25.9,4056489150220,Hrana,2.59
Suho voæe Mango,0148837,0.125,100g,Vrecica,Alesto,2.59,25.9,4335619202337,Hrana,2.59
"Salama goveða, per., dimljena SK1",0149371,0.115,"100g,130g",Atmos-Pakiranje,Dulano,1.99,15.31,4056489182627,Hrana,1.99
"Salama goveða, per., dimljena SK1",0149371,0.115,"100g,130g",Atmos-Pakiranje,Dulano,1.99,15.31,4056489182634,Hrana,1.99
Pina Colada 17%,0149869,0.76,"0,7l",Boca,,4.99,7.13,4056489192794,Piæe,3.49
Espresso kapsule Modena Lungo XXL,0149953,0.255,"255,2g",Kart. na prekl.,Bellarom,6.99,27.39,4056489136071,Piæe,6.99
Španjolske mini smokve,0150030,0.25,250g,Vrecica,Sol&Mar,1.89,7.56,4056489197898,Hrana,1.89
Vreæica mala 80% reciklirana 50µ,0150623,0.019,1komad,Nepakirano,-,0.1,0.1,4056489208587,Proizvodi za kuæanstvo,0.1
Dezodorans SK17,0150789,0.052,50ml,PET-Boca,Cien,1.05,21,20254438,Kozmetika,1.05
Protein Quark SK1,0150835,0.2,200g,Posudica,Pilos,1.29,6.45,4056489216216,Hrana,1.29
Steakhouse pomfrit WS SK1,0150995,0.75,750g,Vrecica,MCENNEDY,2.79,3.72,4056489195771,Hrana,2.79
Montepulciano d'Abruzzo DOP,0151217,0.75,"0,75l",Boca,-,3.49,4.65,4056489114086,Piæe,3.49
Tek. det. za pranje osj. rublja SK3,0151363,1.521,"1,5l",PET-Boca,Formil,3.75,2.5,4056489441724,Sredstva za èišæenje,3.75
Deterdžent za pranje rublja 112pr.,0151386,8.4,"8,4kg",Pakovanje,Maxitrat,10.75,1.28,4056489940340,Sredstva za èišæenje,10.75
Slatki kikiriki XXL,0154118,0.35,350g,Samost.vreca,Alesto,1.99,5.69,20337698,Hrana,1.99
Mljevena kava SK2,0154291,0.25,250g,Vrecica,Bellarom,4.99,19.96,4056489182214,Piæe,4.99
Mljevena kava SK2,0154291,0.25,250g,Vrecica,Bellarom,4.99,19.96,4056489182221,Piæe,4.99
Mljevena kava SK2,0154291,0.25,250g,Vrecica,Bellarom,4.99,19.96,4056489708926,Piæe,4.99
Bezglutenska pizza salami,0154509,0.348,348g,Kart. na prekl.,Trattoria Alfredo,3.29,9.45,4056489279402,Hrana,3.29
Zaèini SK1,0154517,0.127,"100g,120g,140g,130g",Limenka,Kania,1.69,13,4056489279433,Hrana,1.69
Zaèini SK1,0154517,0.127,"100g,120g,140g,130g",Limenka,Kania,1.69,14.08,4056489279440,Hrana,1.69
Vreæe za smeæe,0154982,0.32,40komad,Pakovanje,Purio ,1.29,0.03,4056489375722,Proizvodi za kuæanstvo,1.29
Spužva za pranje posuða SK3,0155075,0.056,6komad,Traka,W5,0.75,0.13,4056489865032,Proizvodi za kuæanstvo,0.75
Maramice za skupljanje boje,0155675,0.034,24komad,Pakovanje,Formil,2.19,0.09,4056489714460,Proizvodi za kuæanstvo,2.19
Èips SK3,0156667,0.125,125g,Vrecica,Italiamo,1.2,9.6,20872083,Hrana,1.2
Prosciutto Cotto XXL,0156730,0.24,240g,Atmos-Pakiranje,Dulano Selection,2.39,9.96,4056489537960,Hrana,2.99
WC Osvježivaè 2x48g SK10,0157484,0.096,2x48g,Pakovanje,W5,1.55,16.15,4056489339304,Sredstva za èišæenje,1.45
Tekuæi osvježivaè zraka SK1,0157563,0.019,2x4ml,Blister,W5,1.39,173.75,4056489330653,Sredstva za èišæenje,1.39
Nature Šampon za kosu SK1,0158151,0.21,200ml,PET-Boca,Cien Nature,2.29,11.45,4056489671817,Kozmetika,2.29
Smarties muffin,0162731,0.12,4x30g,Kart. na prekl.,,3.29,27.42,4056489441137,Hrana,3.29
Veganski pesto umak SK1,0162808,0.19,190g,Staklo,Vemondo,1.59,8.37,4056489441298,Hrana,1.59
Snack masline SK2,0162822,0.15,150g,Vrecica,Baresa,1.99,13.27,4056489345671,Hrana,1.99
Spužvice,0163079,0.075,30komad,Pakovanje,W5,1.99,0.07,4335619016378,Proizvodi za kuæanstvo,1.99
Stroop vafli SK1,0163409,0.175,175g,Vrecica,Vemondo,2.99,17.09,4056489450818,Hrana,2.99
Bio Tofu,0163485,0.3,300g,Plitica,Vemondo,1.99,6.63,4056489451686,Hrana,1.99
Maslac od indijskih orašèiæa,0163723,0.34,340g,Staklo,MCENNEDY,2.99,8.79,4056489452775,Hrana,2.99
Grèki namaz SK1,0163776,0.125,125g,Pakovanje,Eridanous,1.99,15.92,4056489453055,Hrana,1.99
Veggie Mix SK1,0164061,0.4,400g,Kart. na prekl.,Vemondo,2.79,6.98,4056489456483,Hrana,2.79
Narezana šunka,5006649,0.18,180g,Atmos-Pakiranje,Alpenfest,1.99,11.06,4056489054481,Hrana,1.99
Salama specijaliteti SK1,5006858,0.1,100g,Atmos-Pakiranje,Alpenfest,1.99,19.9,4056489055099,Hrana,1.99
High protein napitak SK4,5007051,0.35,350g,PET-Boca,Milbona,1.29,3.69,4335619038592,Hrana,1.29
Alpinetta maslac,5010704,0.25,250g,Pakovanje,,1.99,7.96,4388860631302,Hrana,1.99
High Protein Shot SK1,5011916,0.4,4x100g,PET-Boca,Milbona,2.39,5.98,4335619038530,Hrana,2.39
Veganski high protein napitak SK1,5011923,0.35,350g,PET-Boca,Vemondo,1.59,4.54,4335619038431,Hrana,1.59
Svježi sir s pestom SK1,5011933,0.15,150g,Posudica,Deluxe,1.99,13.27,20987152,Hrana,1.99
Svježi sir s pestom SK1,5011933,0.15,150g,Posudica,Deluxe,1.99,13.27,4335619038066,Hrana,1.99
Sirevi SK1,5200709,0.14,140g,Pakovanje,Hatherwood,2.99,21.36,4056489335801,Hrana,2.99
Sirevi SK1,5200709,0.14,140g,Pakovanje,Hatherwood,2.99,21.36,4056489712046,Hrana,2.99
Britanski Cheddar sir SK3,5200784,0.25,250g,Pakovanje,Deluxe,3.29,13.16,4056489851172,Hrana,3.29
Cake Angels Ukrasi za tortu SK2,5202468,0.113,"102g,113g,123g",Posudica,,2.59,22.92,5030101027939,Hrana,3.29
"Stakleni lampion L1, 120g",5502677,0.46,1komad,Nepakirano,-,1.03,1.03,20116347,Proizvodi za kuæanstvo,1.03
Carski sir u listiæima SK1,5502819,0.15,150g,Atmos-Posudica,Pilos,1.79,11.93,20265779,Hrana,1.79
Prašak za puding SK8,5502873,0.042,"40g,45g",Vrecica,Belbake,0.22,0.22,20179403,Hrana,0.22
"Keksi za doruèak SK2, RFA",5503313,0.3,300g,Kart. na prekl.,Tastino,2.19,7.3,20690274,Hrana,2.19
Energy drink SK6,5506805,0.26,"0,25l",Limenka,Kong Strong,0.69,2.76,4304493258068,Piæe,0.69
Osvježivaè zraka SK4,5507867,0.425,425g,PET-Boca,W5,1.69,3.98,20931513,Sredstva za èišæenje,1.69
Piæe od više vrsta voæa 20% SK3,5512955,0.41,"0,4l",PET-Boca,Solevita,0.99,2.48,4304493257122,Piæe,0.99
Gouda komad,5513694,0.25,250g,Atmos-Pakiranje,Pilos,2.69,10.76,20981778,Hrana,2.69
"Šam., gel i kupka 3u1 SK6",5516395,0.515,500ml,PET-Boca,Cien,1.69,3.38,4335619008373,Kozmetika,1.69
Vlažne maramice za èišæenje SK3,5516867,0.439,"50komad,60komad",Pakovanje,W5,1.49,0.03,4056489261278,Proizvodi za kuæanstvo,1.49
Vlažne maramice za èišæenje SK3,5516867,0.439,"50komad,60komad",Pakovanje,W5,1.49,0.02,4056489261292,Proizvodi za kuæanstvo,1.49
Vlažne maramice za èišæenje SK3,5516867,0.439,"50komad,60komad",Pakovanje,W5,1.49,0.03,4056489783848,Proizvodi za kuæanstvo,1.49
Margarin kocka 70%,5517827,0.25,250g,Pakovanje,Vita D'or,0.89,3.56,20425197,Hrana,0.89
Mirisne luèice SK7 ,5519199,0.214,18komad,Pakovanje,-,1.59,0.09,4056489535973,Proizvodi za kuæanstvo,1.59
Palaèinke SK1,5519512,0.4,400g,Atmos-Posudica,Chef Select,1.79,4.48,20342135,Hrana,1.79
Palaèinke SK1,5519512,0.4,400g,Atmos-Posudica,Chef Select,1.79,4.48,20342142,Hrana,1.79
Sapun iz Provanse SK10,5603194,0.1,100g,Pakovanje,Duc de Coeur,0.79,7.9,3511720115204,Kozmetika,0.79
Premium kandirani kesteni,5605043,0.18,180g,Pakovanje,Deluxe,7.89,43.83,20840297,Hrana,7.89
Savaron sir,5606831,0.3,300g,Pakovanje,Duc de Coeur,3.58,11.93,3271560012094,Hrana,3.58
Corbieres AOP,5613158,0.75,"0,75l",Boca,,3.32,4.43,4056489371274,Piæe,3.32
Sapuni iz Provanse SK7,5615510,0.1,100g,Pakovanje,Duc de Coeur,0.79,7.9,4335619018440,Kozmetika,0.79
Sapuni iz Provanse SK7,5615510,0.1,100g,Pakovanje,Duc de Coeur,0.79,7.9,4335619018594,Kozmetika,0.79
Palaèinke x18,5615795,0.36,360g,Pakovanje,Sondey,2.99,8.31,4056489676362,Hrana,2.99
Quiche Lorraine,5617735,0.4,400g,Kart. na prekl.,Duc de Coeur,2.39,5.98,4056489759393,Hrana,2.39
Crne masline ''Cacerena'' bez košt.,5700055,0.35,370ml,Limenka,Sol&Mar,0.99,6.6,20124700,Hrana,0.99
Puding s keksom,5700100,0.5,4x125g,Pakovanje,Sol&Mar,1.79,3.58,20349240,Hrana,1.79
Magdalenas kolaèiæi,5700155,0.615,615g,Vrecica,Sol&Mar,3.89,6.33,4056489045168,Hrana,3.89
Krem jogurt SK6,5700343,0.135,135g,Staklo,Sol&Mar,0.99,7.33,20705480,Hrana,0.99
Zel. masline punj. paprikom OM 150g,5708903,0.35,370ml,Limenka,Baresa,1.39,9.27,4056489120933,Hrana,1.39
Smrznuti desert jagoda/mandarina,5709747,0.8,4x200ml,Posudica,Gelatelli,2.59,3.24,4056489169406,Hrana,2.59
Svinjska salama,5714793,0.15,150g,Pakovanje,Sol&Mar,2.13,14.2,4056489802044,Hrana,2.13
Parfem Stylish Girl,5715009,0.085,100ml,Boca,Suddenly,5.99,59.9,4056489575351,Kozmetika,5.99
Parfem Amor,5715011,0.085,100ml,Boca,Suddenly,5.99,59.9,4056489575320,Kozmetika,5.99
Torta SK1,5715976,0.18,2x90g,Pakovanje,Milbona,1.39,7.72,4056489689164,Hrana,1.39
BIO Wellness èaj SK8,5716102,0.024,12x2g,Karton,Lord Nelson,2.39,99.58,20189075,Piæe,2.99
Èokoladna krema SK1,5716262,0.13,130g,Posudica,Deluxe,1.79,13.77,4056489689874,Hrana,1.79
Mirisni štapiæi za prostor SK11,5717281,0.046,50ml,Boca,W5,1.69,33.8,4056489690276,Sredstva za èišæenje,1.69
Mirisni štapiæi za prostor SK11,5717281,0.046,50ml,Boca,W5,1.69,33.8,4056489801429,Sredstva za èišæenje,1.69
Èokoladni kroasani 10 kom. XXL,5717384,0.45,450g,Vrecica,Maitre Jean-Pierre,2.99,6.64,4056489748892,Hrana,2.99
Miris za dom Španjolska SK1,5720543,0.088,90ml,Pakovanje,,3.49,38.78,4335619107694,Sredstva za èišæenje,3.49
La Estepena kolaè SK2,5721423,0.25,250g,Kart. na prekl.,,5.59,22.36,8410282204027,Hrana,5.59
Prženi kikiriki u ljusci,5900550,0.5,500g,Vrecica,MCENNEDY,1.99,3.98,20027513,Hrana,1.99
Èips wasabi/teriyaki SK1,5912177,0.15,150g,Vrecica,Vitasia,1.99,13.27,4056489832478,Hrana,1.79
P?o de Ló biskvit torta SK1,5913467,0.5,500g,Pakovanje,Sol&Mar,7.99,15.98,4335619155626,Hrana,7.99
Svježe punjena tjestenina SK6,6000209,0.25,250g,Atmos-Posudica,Chef Select,1.49,5.96,20499822,Hrana,1.49
Mortadella Bologna IGP sa pistac.,6000457,0.12,120g,Atmos-Posudica,Deluxe,1.69,14.08,20498894,Hrana,1.69
Prosciutto di Parma,6000752,0.09,90g,Atmos-Pakiranje,Deluxe,3.19,35.44,20622930,Hrana,3.19
Bio napitak od badema,6008600,1.01,1l,Pakovanje,Vemondo,1.99,1.99,20050894,Hrana,1.99
Džem od sicilijanskog voæa SK1,6009284,0.36,360g,Staklo,Italiamo,2.99,8.31,4056489098898,Hrana,2.99
Depilacijske trake SK4,6009602,0.057,"16komad,32komad,40komad",Kart. na prekl.,Cien,1.99,0.12,4056489523550,Kozmetika,1.99
Depilacijske trake SK4,6009602,0.057,"16komad,32komad,40komad",Kart. na prekl.,Cien,1.99,0.05,4056489523567,Kozmetika,1.99
Depilacijske trake SK4,6009602,0.057,"16komad,32komad,40komad",Kart. na prekl.,Cien,1.99,0.05,4056489523574,Kozmetika,1.99
Svježa tjestenina SK41,6009605,0.25,250g,Atmos-Posudica,Italiamo,1.79,7.16,20685164,Hrana,1.79
Svježa tjestenina SK45,6010761,0.25,250g,Atmos-Posudica,Chef Select,1.39,5.56,20277307,Hrana,1.39
Svježa tjestenina SK61,6013609,0.25,250g,Atmos-Posudica,Italiamo,1.79,7.16,20849856,Hrana,1.79
Svježa tjestenina SK61,6013609,0.25,250g,Atmos-Posudica,Italiamo,1.79,7.16,20849863,Hrana,1.79
Dim Sum SK2,6014263,0.2,200g,Atmos-Posudica,Vitasia,1.99,9.95,4056489631576,Hrana,1.99
Scamorza sir SK6,6015657,0.3,300g,Vakumir. pakov.,Italiamo,2.79,9.3,20622664,Hrana,2.79
"Burger s leæom, bund. i suš. rajè.",6017083,0.16,2x80g,Atmos-Posudica,Vemondo,2.09,13.06,4335619023352,Hrana,2.09
Girasoli s buratom i tartufom,6017519,0.25,250g,Atmos-Pakiranje,Deluxe,1.99,7.96,4335619028296,Hrana,1.99
Motana pita s feta sirom,6200002,1,1000g,Pakovanje,Eridanous,4.29,4.29,20095277,Hrana,3.99
Stolno crno vino,6402930,2,2l,PET-Boca,-,2.99,1.5,4056489338086,Piæe,2.99
"Sir Kashkaval, Natur",6404152,0.35,350g,Pakovanje,Kuljanka,3.99,11.4,20949563,Hrana,3.99
"Sjemenke bundeve, peè., solj., ogu.",6405175,0.1,100g,Vrecica,Alesto,1.29,12.9,20948399,Hrana,1.29
"Multivit. piæe s hibiskusom 12,5%",6405200,1.5,"1,5l",PET-Boca,-,1.39,0.93,4056489966586,Piæe,1.39
"Svježi pureæi file, 850g",6406797,0.85,850g,Atmos-Pakiranje,-,8.99,10.58,20170332,Hrana,8.99
"Pureæa krila s kosti, cca. 750g",6406819,1,c.750g,Atmos-Pakiranje,-,3.89,3.89,2874870000000,Hrana,3.89
"Pureæa krila s kosti, cca. 750g",6406819,1,c.750g,Atmos-Pakiranje,-,3.89,3.89,2882083009020,Hrana,3.89
Müsli ploèice banana,6700648,0.03,30g,Pakovanje,First Nice,0.29,0.29,20123550,Hrana,0.29
Dragee's SK9,6703020,0.016,16g,Pakovanje,Amanie,0.35,0.35,20431235,Hrana,0.39
Šunka vrhunske kvalitete,6703773,0.1,100g,Atmos-Pakiranje,Pikok,1.29,12.9,20836764,Hrana,1.39
Namaz SK12,6704770,0.135,135g,Posudica,Chef Select,1.49,11.04,20838935,Hrana,1.49
Šareni draže bomboni,6704957,0.04,40g,Kart. na prekl.,Mister Choc,0.69,0.69,20839208,Hrana,0.69
Hrskavi müsli SK9,6705168,0.35,350g,Kart. na prekl.,Crownfield,2.05,5.86,20672997,Hrana,2.05
Zobena kaša super food SK2,6706365,0.065,65g,Vrecica,Crownfield,0.59,9.08,20839482,Hrana,0.59
Sirni desert SK2,6707255,0.125,125g,Vrecica,Pilos,0.99,7.92,4056489065050,Hrana,0.99
Lionska kobasica,6712670,0.2,200g,Atmos-Pakiranje,Pikok,0.99,4.95,4056489414162,Hrana,1.29
Pareni polutvrdi sir  SK1,6713797,0.1,100g,Atmos-Pakiranje,Kuljanka,1.49,14.9,20108281,Hrana,1.49
Kidsworld Puding desert s iznenað.,6714569,0.07,70g,Pakovanje,,1.13,16.14,8595588200888,Hrana,1.13
Èips slani,6714924,0.15,150g,Vrecica,Snack Day,1.15,7.67,4056489911364,Hrana,1.15
Sladoled od banane u tam. èokol.,6715515,0.038,50ml,Pakovanje,Ballino,0.59,11.8,4056489725756,Hrana,Nije_bilo_u_prodaji_02.05.2025
Sredstvo za èišæenje WC-a SK1,6716078,1.057,1l,PET-Boca,W5,1.45,1.45,4056489909484,Sredstva za èišæenje,1.45
Štapiæi s kikirikijem,6900035,0.15,150g,Vrecica,Snack Day,0.85,5.67,4056489316886,Hrana,0.85
Meteor solna kiselina 9%,6900204,1.1,1l,PET-Boca,,1.55,1.55,3859890222675,Sredstva za èišæenje,1.55
Juneæi odrezak iz buta,6900297,0.45,450g,Atmos-Pakiranje,Naša mesnica,7.99,17.76,20339999,Hrana,7.99
Buðola,6900635,1,ca. 600g,Vakumir. pakov.,Okusi zavièaja,19.69,19.69,2369060000000,Hrana,19.69
Sredstvo za odleðivanje stakla,6900663,0.46,500ml,Boca,W5,1.33,2.66,20539528,Proizvodi za kuæanstvo,1.33
Dolcela Prašak za pecivo,6900755,0.072,6x12g,Vrecica,,0.99,13.75,3850104216770,Hrana,0.99
Johnnie Walker Red Label Whisky 40%,6901395,0.7,"0,7l",Boca,,18.39,26.27,5000267014203,Piæe,18.59
Franck Èaj šipak,6901437,0.06,60g,Kart. na prekl.,,2.09,34.83,3858881081383,Piæe,2.09
Franck Èaj jabuka-cimet,6901465,0.06,60g,Pakovanje,,2.29,38.17,3858881082694,Piæe,2.29
Vrhnje za kuhanje 20% m.m.,6901478,0.5,500ml,Pakovanje,Pilos,2.29,4.58,4056489317159,Hrana,2.39
Helf Bomboni original,6901518,0.04,40g,Pakovanje,,0.69,0.69,8605073300341,Hrana,0.69
BO Kuk. pecivo sa sjem. suncokreta,6901542,0.08,80g,Rasuto,,0.29,3.63,3856016902510,Hrana,0.29
Bruschette Maretti 4 vrste sira,6901572,0.15,150g,Vrecica,,1.25,8.33,3800205874201,Hrana,1.25
Štrudla SK2,6901597,0.252,252g,Pakovanje,Tastino,1.09,4.33,20661762,Hrana,1.09
Tulumba,6901603,0.5,500g,Pakovanje,1001 delights,3.59,7.18,20779115,Hrana,3.59
Svježi èupavci XXL,6901620,0.6,600g,Pakovanje,Okusi zavièaja,4.99,8.32,20779665,Hrana,4.99
Vivis Svježi krem sir natur,6901749,0.2,200g,Posudica,,1.99,9.95,3850108058482,Hrana,2.19
XXL vrhnje za kuhanje 20% m.m.,6901810,1,1l,Pakovanje,Pilos,2.99,2.99,4056489317166,Hrana,2.89
BO Beskvasni kruh SUS,6901825,0.4,400g,Rasuto,,1.39,3.48,3859890733928,Hrana,1.59
Argeta Pašteta kokošja 4x95g,6901831,0.38,4x95g,Pakovanje,,3.99,10.5,3838471022774,Hrana,3.99
Ballantine's Ble. S. Whisky +èaša,6901914,0.7,"0,7l",Pakovanje,,13.27,18.96,3830023020924,Piæe,13.27
"Gloria Kava, mljevena",6901970,0.45,450g,Vrecica,,8.49,18.87,3858881087897,Piæe,8.49
"Franck Kava Jubilarna, mlj. 175g",6901971,0.175,175g,Vrecica,,4.39,25.09,3858881085589,Piæe,4.39
"Rosal Lip Balm SK1, 4,8g",6902002,0.005,"4,8g",Pakovanje,,0.99,0.99,3856007908583,Kozmetika,0.99
Erdutski vinogradi Graševina,6902019,0.749,"0,75l",Boca,,5.35,7.13,3859889193078,Piæe,5.35
"Pileæa prsa, narezak",6902095,0.1,100g,Atmos-Pakiranje,Pikok,1.39,13.9,20662097,Hrana,1.39
Bis Osvježivaè prostora SK1,6902110,0.33,400ml,PET-Boca,,4.19,10.48,3850105150141,Sredstva za èišæenje,4.19
Aperol Bitter 11%,6902182,0.76,"0,7l",Boca,,18.99,27.13,8002230000302,Piæe,17.89
Jameson Irish Whisky 40 %,6902183,0.7,"0,7l",Boca,,22.99,32.84,5011007003005,Piæe,22.99
Dukat b.Aktiv LGG jogurt natur,6902220,1,1kg,PET-Boca,,2.82,2.82,3850354015819,Hrana,2.82
"Dukat Tekuæi jogurt 2,8% m.m.",6902226,1.5,"1,5kg",PET-Boca,,1.95,1.3,3850354006633,Hrana,1.95
Zvijezda Stolni margarin,6902244,0.25,250g,Pakovanje,,0.95,3.8,3858882210102,Hrana,0.95
Barkleys Classic SK10,6902264,0.05,50g,Limenka,,2.39,47.8,8717438742052,Hrana,2.39
BO Beskvasni bijeli kruh sa sezamom,6902268,0.4,400g,Rasuto,,1.09,2.73,3858889614354,Hrana,1.09
Dukat b.Aktiv LGG Smoothie SK1,6902278,0.33,330g,PET-Boca,,1.82,5.52,3850354004233,Hrana,1.82
Dukat b.Aktiv LGG Smoothie SK1,6902278,0.33,330g,PET-Boca,,1.82,5.52,3850354011019,Hrana,1.82
Dukat b.Aktiv LGG Smoothie SK1,6902278,0.33,330g,PET-Boca,,1.82,5.52,3850354015918,Hrana,1.82
"Pilsner Urquell Svijetlo pivo 4,4%",6902314,0.5,"0,5l",Limenka,,1.59,3.18,8594404115115,Piæe,1.49
Šunka za pizzu,6902352,0.4,400g,Vakumir. pakov.,Pikok,2.29,5.73,4056489925217,Hrana,2.19
"Mlada teletina za peèenje, cca. 2kg",6902353,1,cca. 2kg,Atmos-Pakiranje,Naša mesnica,8.59,8.59,2894697000000,Hrana,9.99
"Mlada teletina za peèenje, cca. 2kg",6902353,1,cca. 2kg,Atmos-Pakiranje,Naša mesnica,8.59,8.59,2894699000000,Hrana,9.99
"ABC Svježi krem sir classic, 200g",6902362,0.2,200g,Posudica,,2.39,11.95,3859888858336,Hrana,2.39
Riblji namaz SK4,6902391,0.165,165g,Staklo,Okusi zavièaja,3.99,24.18,20781309,Hrana,3.99
"Jaja podni uzgoj, razred L, 10 kom.",6902414,0.68,10komad,Pakovanje,Okusi zavièaja,2.69,0.27,40894089,Hrana,2.69
Vilma Orahnjaèa/Makovnjaèa SK1,6902471,0.5,500g,Pakovanje,,3.99,7.98,3859891780013,Hrana,3.99
Gabriel Jogurt od kozjeg mlijeka,6902503,0.5,500ml,PET-Boca,,1.79,3.58,3859892805098,Hrana,1.79
"Jana Negazirana mineral. voda, 1,5l",6902565,1.5,"1,5l",PET-Boca,,0.95,0.63,3858884600055,Piæe,0.95
Sky Cola,6902574,2,2l,PET-Boca,,1.79,0.9,3871059000481,Piæe,1.79
Jana Ledeni èaj šumsko voæe,6902583,0.5,"0,5l",PET-Boca,,1.19,2.38,3858884601731,Piæe,1.19
Pužiæi od durum pšeniène krupice,6902610,1,1kg,Vrecica,Combino,1.45,1.45,20781552,Hrana,1.69
"TK Pata. kol. i krakovi, ATG 360g",6902653,0.4,400g,Kart. na prekl.,Ocean Sea,6.49,18.03,40894331,Hrana,6.49
"Kinder Surprise, sezona",6902676,0.02,20g,Pakovanje,,1.19,1.19,80050117,Hrana,1.19
Pileæa posebna,6902748,1,1000g,Stanga,Pikok,2.89,2.89,20780869,Hrana,2.89
"Pršut, narezak",6902777,0.1,100g,Atmos-Pakiranje,Pikok Pure,2.99,29.9,20781453,Hrana,2.99
Piko Parizer,6902834,0.4,400g,Pakovanje,,3.99,9.98,3850139170450,Hrana,3.99
Nikšièko svijetlo pivo 5%,6902850,0.5,"0,5l",Limenka,,1.25,2.5,3850131004920,Piæe,1.25
"Svinjska rebra marinirana, ca. 500g",6902856,1,ca. 500g,Vakumir. pakov.,Naša mesnica,6.59,6.59,2810990000000,Hrana,6.59
Zlatan Babiæ EKO,6902859,0.746,"0,75l",Boca,,5.31,7.08,3859888437579,Piæe,5.31
"'z bregov Svježe mlijeko 1,5% m.m. ",6902886,1.03,1l,PET-Boca,,1.45,1.45,3850108011852,Hrana,1.45
"'z bregov Svježe mlijeko 1,5% m.m. ",6902886,1.03,1l,PET-Boca,,1.45,1.45,3850108811834,Hrana,1.45
Duracell baterije AAA,6902925,0.013,10komada,Pakovanje,,5.99,0.6,5000394152557,Proizvodi za kuæanstvo,5.99
Grèki voæni jogurt SK3,6902972,0.15,150g,Posudica,Pilos,0.75,5,40894324,Hrana,0.75
Tvrdi sir narezan,6902974,0.12,120g,Pakovanje,Milbona,2.65,22.08,40894478,Hrana,2.65
"Tanqueray Dry Gin 43,1%",6902984,0.7,"0,7l",Boca,,22.49,32.13,5000281015248,Piæe,22.49
Piko Parizer,6903086,0.2,200g,Atmos-Pakiranje,,2.85,14.25,3850139170771,Hrana,2.85
"Duplo Èokoladni prutiæ, 5 komada",6903119,0.091,91g,Pakovanje,,1.69,18.57,4008400300429,Hrana,1.69
Tartufata SK1,6903162,0.09,90g,Staklo,Deluxe,7.79,86.56,20661168,Hrana,7.79
Podravka Senf Estragon,6903165,0.35,350g,Staklo,,2.49,7.11,3850104023484,Hrana,2.49
Svježa šarena maðarica,6903197,0.42,420g,Pakovanje,Okusi zavièaja,3.59,8.55,20251017,Hrana,3.59
Koko Meso mlade kokoši,6903247,1,"ca. 1,1kg",Vrecica,,2.19,2.19,2819431000000,Hrana,2.19
Koko Meso mlade kokoši,6903247,1,"ca. 1,1kg",Vrecica,,2.19,2.19,2819433000000,Hrana,2.19
Koko Meso mlade kokoši,6903247,1,"ca. 1,1kg",Vrecica,,2.19,2.19,2819438000000,Hrana,2.19
Lino Keksolino Instant pahuljice,6903285,0.2,200g,Kart. na prekl.,,2.59,12.95,3850104230066,Hrana,2.59
Kulenova seka,6903386,0.1,100g,Atmos-Pakiranje,Okusi zavièaja,1.99,19.9,40894775,Hrana,1.99
Gordons Dry Gin Pink 37.5%,6903694,0.7,700ml,Boca,,20.99,29.99,5000289929417,Piæe,20.99
"Le Coq Cocktail Cosmopolitan, 4,7%",6903701,0.33,"0,33l",Boca,,1.52,4.61,4740098002871,Piæe,1.52
Bijela èokolada za kuhanje,6903721,0.35,350g,Pakovanje,Fin Carré,4.99,14.26,20251710,Hrana,4.99
Roštilj kobasice XXL SK3,6903897,0.7,700g,Vakumir. pakov.,Pikok,3.69,5.27,20779351,Hrana,3.69
Ukrasna vreæica 12x39x9cm,6904173,0.044,1komad,Pakovanje,,0.89,0.89,3856023029187,Proizvodi za kuæanstvo,0.99
Ukrasna vreæica 12x39x9cm,6904173,0.044,1komad,Pakovanje,,0.89,0.89,3856023029309,Proizvodi za kuæanstvo,0.99
Ukrasna vreæica 32x26x12cm,6904180,0.046,1komad,Vrecica,,1.45,1.45,3856023010741,Proizvodi za kuæanstvo,1.45
Ukrasna vreæica 32x26x12cm,6904180,0.046,1komad,Vrecica,,1.45,1.45,3856023020672,Proizvodi za kuæanstvo,1.45
Ukrasna vreæica 32x26x12cm,6904180,0.046,1komad,Vrecica,,1.45,1.45,3858885898703,Proizvodi za kuæanstvo,1.45
Ukrasna vreæica 32x26x12cm,6904180,0.046,1komad,Vrecica,,1.45,1.45,3858888911607,Proizvodi za kuæanstvo,1.45
PPK Juneæe tripice,6904208,0.5,500g,Atmos-Pakiranje,,2.95,5.9,3858881619067,Hrana,3.59
"Pileæi mix, cca. 950g",6904252,1,ca. 950g,Atmos-Pakiranje,Naša mesnica,4.19,4.19,2815250000000,Hrana,4.19
"Jaja iz podnog uzgoja XXL, razred L",6904263,1.02,15komad,Pakovanje,Okusi zavièaja,2.39,0.16,4056489075165,Hrana,2.39
"Orah jezgra, 500g",6904472,0.5,500g,Atmos-Pakiranje,,4.89,9.78,3859893512643,Hrana,4.89
"Orah jezgra, 500g",6904472,0.5,500g,Atmos-Pakiranje,,4.89,9.78,3872084013422,Hrana,4.89
Napolitanke SK2,6904505,1,1000g,Vrecica,Champions Edition,2.69,2.69,4056489074793,Hrana,2.79
Dukat Lag. Jutro Traj. ml. bez lak.,6904551,1.032,1l,Pakovanje,,1.99,1.99,3850354017103,Hrana,1.99
'z bregov Mlij. protein napit. keks,6904575,0.5,500ml,Pakovanje,,1.99,3.98,3850108023671,Hrana,1.99
Multivita Vitamin C plus šumeæe tab,6904606,0.08,80g,Pakovanje,,2.19,27.38,8606013060547,Hrana,2.19
Multivita Kalcij plus šumeæe tab.,6904609,0.08,80g,Pakovanje,,2.19,27.38,3858881249288,Hrana,2.19
Multivita Magnezij naranèa plus ,6904610,0.08,80g,Pakovanje,,2.19,27.38,3858881249240,Hrana,2.19
Morska sol s tartufima,6904641,0.1,100g,Staklo,Deluxe,3.99,39.9,4056489074908,Hrana,3.99
Farina Pšenièno brašno glat.tip 550,6904642,10,10kg,Vrecica,,5.49,0.55,3858887100224,Hrana,5.09
"Ožujsko svijetlo pivo 5%, 6x0,5l",6904646,3,3l,Limenka,,7.67,2.56,3850131005682,Piæe,7.67
Badel Pelinkovac Antique 35%,6904978,0.7,"0,7l",Boca,,17.02,24.31,3850112110572,Piæe,17.02
Dorina èokolada Noissete,6904996,0.08,80g,Pakovanje,,1.35,16.88,3850102519439,Hrana,1.35
Hipp BIO mlij. kašica ban/griz/kak,6905068,0.19,190g,Staklo,,1.65,8.68,9062300133117,Hrana,1.65
"Svj. pileæa jetra i srca, cca. 500g",6905091,1,ca. 500g,Atmos-Pakiranje,Naša mesnica,2.79,2.79,2868690000000,Hrana,3.19
Lino Pillows Milk,6905116,0.5,500g,Vrecica,,4.99,9.98,3850104263613,Hrana,4.99
Dukat b.Aktiv LGG tek. jog. Natur,6905119,2,2x1000g,Pakovanje,,3.99,2,3850354016212,Hrana,3.99
Panirani pileæi štapiæi,6905136,0.4,400g,Atmos-Pakiranje,Gourmet,3.89,9.73,4056489316541,Hrana,3.49
Meri Merino det. Col. 75pranj.,6905163,4.613,"4,5l",Boca,,5.69,0.08,3850111105722,Sredstva za èišæenje,5.69
Obiteljski svježi kolaèi,6905271,0.33,"330g, 345g",Pakovanje,Okusi zavièaja,5.49,15.91,4056489316510,Hrana,5.49
PP Orahovica Svježi šaran odrezak,6905274,0.45,450g,Atmos-Pakiranje,,3.59,7.98,3858889833953,Hrana,4.99
"File otkoštenog zabatka, cca. 500g",6905308,1,ca. 500g,Atmos-Pakiranje,Naša mesnica,6.99,6.99,2868830000000,Hrana,6.99
Kraš Domaæica Original Duopack,6905405,0.6,2x300g,Pakovanje,,4.49,7.48,3850102005727,Hrana,4.49
L'Oreal Age Spec. krema p. bora SK1,6905434,0.05,50ml,Kozm.posudica,,7.43,148.6,3600522550204,Kozmetika,7.43
L'Oreal Age Spec. krema p. bora SK1,6905434,0.05,50ml,Kozm.posudica,,7.43,148.6,3600523408979,Kozmetika,7.43
L'Oreal Age Spec. krema p. bora SK1,6905434,0.05,50ml,Kozm.posudica,,7.43,148.6,3600523458400,Kozmetika,7.43
BO Burek s junetinom i krumpirom,6905440,0.15,150g,Rasuto,,0.89,5.93,4052917248071,Hrana,0.89
Frozy Rib. fil. u umaku rajè.-papr.,6905453,0.38,380g,Kart. na prekl.,,1.49,3.92,3858891044163,Hrana,1.49
Violeta Omekšivaè 77 pr.,6905498,2.695,"2,7l",Boca,,4.99,1.85,3870128023963,Sredstva za èišæenje,4.69
Ledo Snjeguljica sladoled štapiæ,6905542,0.246,6x65g,Kart. na prekl.,,4.99,12.79,3850116006000,Hrana,4.99
Dukat Domaæe kiselo vrhnje 25% m.m.,6905853,0.3,300g,Posudica,,1.89,6.3,3850354008729,Hrana,1.89
Meduza Odrezak romba,6905898,0.36,360g,Atmos-Pakiranje,,8.99,24.97,3859893912078,Hrana,8.99
RFA Trajno èokoladno mlijeko,6905899,0.2,200ml,Pakovanje,Pilos,0.49,2.45,3850354002239,Hrana,0.49
Salama bake Janice,6905990,0.4,400g,Vakumir. pakov.,Okusi zavièaja,6.89,17.23,4056489317890,Hrana,6.89
Argeta Junior kokošja pašteta 4x95g,6905997,0.38,4x95g,Pakovanje,,3.99,10.5,3838471047135,Hrana,3.99
Bio ploèica SK1,7202195,0.03,30g,Pakovanje,Alesto,0.89,0.89,20962227,Hrana,0.89
"Nature jogurt, SK2",7202540,0.53,530g,Staklo,NOSTJA,2.99,5.64,20529352,Hrana,2.99
Bruschette SK3,7207327,0.14,140g,Vrecica,Snack Day,1.29,9.21,4056489693314,Hrana,1.29
Mochi SK2,7207726,0.21,210g,Kart. na prekl.,Gelatelli,3.49,16.62,4056489941248,Hrana,3.49
Leone Sladoled na štapiæu SK1,7302358,0.21,6x60ml,Kart. na prekl.,,2.79,7.75,3830053876058,Hrana,2.79
Ayatana Bio Kombucha SK2,7303935,0.33,330ml,Staklo,,2.29,6.94,3830073630197,Hrana,2.29
Bussy Osvježavajuæi napitak,7701988,0.4,400ml,Plitica,,1.49,3.73,4101810300376,Hrana,1.49
Fussili od leæe/slanutka SK1,7702738,0.25,250g,Vrecica,Combino,1.89,7.56,20031459,Hrana,1.89
Schöpp Gin 43% Vol.,7705772,0.5,"0,5l",Boca,,7.3,14.6,4304493258839,Piæe,7.3
Noodles instant na azijski SK4,7706656,0.06,60g,Vrecica,,0.69,11.5,8852018101031,Hrana,0.69
Noodles instant na azijski SK4,7706656,0.06,60g,Vrecica,,0.69,11.5,8852018101062,Hrana,0.69
Kobasica od mesa peradi SK2,7711309,0.379,"350g,400g",Pakovanje,Grillmeister,3.29,9.4,4009335090102,Hrana,3.29
Crumble Desert SK1,7712119,0.1,100g,Staklo,Deluxe,1.4,14,4056489482765,Hrana,1.4
Proteinski hrskavi prutiæ 33% SK1,7715074,0.045,45g,Pakovanje,-,1.49,1.49,4056489884866,Hrana,1.49
Proteinski hrskavi prutiæ 33% SK1,7715074,0.045,45g,Pakovanje,-,1.49,1.49,4056489884873,Hrana,1.49
Proteinski prutiæ 30% SK1,7715079,0.045,45g,Pakovanje,-,0.99,22,4056489884859,Hrana,0.99
Proteinski prutiæ 30% SK1,7715079,0.045,45g,Pakovanje,-,0.99,22,4056489884910,Hrana,0.99
Salvete 3-sloj nogomet SK1,7715992,0.206,40komad,Pakovanje,Floralys,0.9,0.02,4056489886419,Proizvodi za kuæanstvo,0.9
Salvete 3-sloj nogomet SK1,7715992,0.206,40komad,Pakovanje,Floralys,0.9,0.02,4056489886426,Proizvodi za kuæanstvo,0.9
Parfem Suddenly Luxury Women SK1,7716832,0.084,100ml,Kart. na prekl.,,5.99,59.9,4335619131170,Kozmetika,5.99
Apperitivo desert SK1,7718013,0.35,350g,Plitica,Deluxe,3.78,10.8,4335619132870,Hrana,3.78
Pašteta od peradi SK6,9002467,0.095,95g,Limenka,Pikok Pure,0.99,10.42,4056489508267,Hrana,0.99
Sendviè vreæice sa zatvaraèem [10µ],0158177,0.11,120komad,Pakovanje,Aromata,0.79,0.01,4056489345558,Proizvodi za kuæanstvo,0.79
Predjela XXL SK3,0158188,0.3,300g,Pakovanje,Chef Select,4.49,14.97,4056489675891,Hrana,4.49
Njegujuæe ulje 2u1 Rose Argan,0158446,0.095,100ml,PET-Boca,Cien,2.39,23.9,4056489349372,Kozmetika,2.39
Krema za sunèanje Sensitive 50+,0159511,0.05,50ml,Tuba,Cien Sun,2.59,51.8,4335619130586,Kozmetika,2.59
Prosecco DOC Spumante rosé ,0160262,0.75,"0,75l",Boca,Allini,5.49,7.32,4056489405023,Piæe,5.49
BO Simit pecivo sa sezamom,0160434,0.14,120g,Rasuto,,0.79,6.58,4052917409083,Hrana,0.79
High Protein Gris puding SK1,0160550,0.2,200g,Posudica,Milbona,0.99,4.95,4056489406570,Hrana,0.99
Proteinski sladoled SK1,0160941,0.25,5x70ml,Kart. na prekl.,Gelatelli,3.49,9.97,4056489411703,Hrana,3.49
Proteinski sladoled SK1,0160941,0.25,5x70ml,Kart. na prekl.,Gelatelli,3.49,9.97,4335619216778,Hrana,3.49
Panzerotti all'amarena SK2,0160984,0.14,140g,Sortirano,Italiamo,1.49,10.64,20872151,Hrana,1.49
Ekstra djevièansko maslinovo ulje,0161031,3,3l,Kanistar,Eridanous,34.99,11.66,4056489412472,Hrana,34.99
Nacho Chips Natur,0161182,0.2,200g,Vrecica,El Tequito,1.29,6.45,4056489415992,Hrana,1.19
Nacho Chips Natur,0161182,0.2,200g,Vrecica,El Tequito,1.29,6.45,4056489687900,Hrana,1.19
Pasta Bowl SK5,0161221,0.4,400g,Plitica,Italiamo,2.79,6.98,4056489416258,Hrana,2.79
Sladoled voæni mix,0161365,0.378,6x60ml,Kart. na prekl.,Gelatelli,1.89,5.25,4056489417415,Hrana,1.89
Veganska zamjena za sir,0161394,0.15,150g,Pakovanje,Vemondo,2.79,18.6,4056489417590,Hrana,2.79
Vreæice za pseæi izmet [15µ],0161549,0.12,4x20komad,Kart. na prekl.,Orlando,1.65,0.02,4056489844341,Proizvodi za kuæanstvo,1.65
Mirisni osvježivaè prostora SK18,0161698,0.148,150ml,PET-Boca,W5,1.69,11.27,4056489232230,Sredstva za èišæenje,1.69
Oxi Action Sprej za otkl. mrlja,0161951,0.765,750ml,PET-Boca,Formil,1.89,2.52,4056489430681,Sredstva za èišæenje,1.89
Lignje kolutiæi,6209663,0.7,700g,Vrecica,Eridanous,8,11.43,4056489906926,Hrana,8
Karamelizirani orašasti plodovi SK2,6209670,0.13,"120g,150g",Vrecica,Eridanous,1.69,14.08,4056489603023,Hrana,1.59
Mini pita sa sirom,6209767,1,1000g,Vrecica,1001 delights,3.59,3.59,4056489603610,Hrana,3.59
Dimljena tuna SK2,6210738,0.16,160g,Kart. na prekl.,Nixe,2.39,22.98,4056489771630,Hrana,2.39
Žele kocke SK8,6211865,0.4,400g,Kart. na prekl.,1001 delights,1.83,4.58,4056489908432,Hrana,1.83
Kakao mlijeèni napitak,6400221,0.5,500ml,Pakovanje,Pilos,1.09,2.18,20402013,Hrana,1.09
Prutiæ sa svježim sirom,6400293,0.15,5x30g,Pakovanje,Kuljanka,1.99,13.27,20755829,Hrana,1.99
Kukuruzni snack s okusom èilija,6400718,0.07,70g,Vrecica,Alesto,0.69,9.86,20949198,Hrana,0.69
Rezana zimska salama,6400913,0.1,100g,Atmos-Pakiranje,Pikok,1.89,18.9,20150693,Hrana,1.89
Pureæe meso za gulaš,6401069,0.5,500g,Atmos-Pakiranje,-,3.99,7.98,20367114,Hrana,3.99
Suncokretovo ulje ,6906127,0.92,1l,Boca,Vita D'or,1.49,1.49,20966508,Hrana,1.49
Suncokretovo ulje ,6906127,0.92,1l,Boca,Vita D'or,1.49,1.49,4056489158196,Hrana,1.49
Suncokretovo ulje ,6906127,0.92,1l,Boca,Vita D'or,1.49,1.49,4056489610557,Hrana,1.49
Sarajevski kiseljak,6906128,6,"4x1,5l",PET-Boca,,2.59,0.43,3875000182219,Piæe,2.59
Mrkva kolaè,6906160,0.6,600g,Pakovanje,Okusi zavièaja,4.99,8.32,4056489610571,Hrana,4.99
Ledene kocke ,6906162,0.36,360g,Pakovanje,Okusi zavièaja,4.29,11.92,4056489610564,Hrana,3.39
Kakao šnite s kandiranim voæem,6906178,0.48,480g,Pakovanje,Okusi zavièaja ,4.99,10.4,4056489610595,Hrana,4.99
Traka potezna 5 cm/2 kom,6906202,0.039,1komad,Pakovanje,,0.99,0.5,3858888919214,Proizvodi za kuæanstvo,0.99
KG Zelina Destilirana voda,6906251,5,5l,PET-Boca,,1.19,1.19,3859888770898,Proizvodi za kuæanstvo,1.19
Zaštitna maska za lice crna,6906335,0.04,10komad,Pakovanje,,0.8,0.08,8682742370454,Proizvodi za kuæanstvo,0.8
"Jaja iz podnog uzgoja, razred M",6906363,1.044,18komad,Pakovanje,Okusi zavièaja,4.39,0.24,4056489610700,Hrana,4.19
Talijanski desert,0137814,0.16,2x80g,Pakovanje,Deluxe,1.79,11.19,20102913,Hrana,1.79
TK Smoothies SK6,0137844,0.45,450g,Vrecica,-,2.98,6.62,20884154,Hrana,2.98
Draže bomboni SK7,0138721,0.174,174g,Samost.vreca,Sweet Corner,1.79,10.29,20134815,Hrana,1.79
Kobasica SK2,0138902,0.275,"250g,300g",Atmos-Pakiranje,Grillmeister,3.29,13.16,20137083,Hrana,3.29
Dimljena lopatica s kožom u mreži,7308705,1,ca.600g,Vakumir. pakov.,,4.85,4.85,2800350000000,Hrana,4.85
Dimljena lopatica s kožom u mreži,7308705,1,ca.600g,Vakumir. pakov.,,4.85,4.85,2800351000000,Hrana,4.85
Dimljena lopatica s kožom u mreži,7308705,1,ca.600g,Vakumir. pakov.,,4.85,4.85,2800355000000,Hrana,4.85
Marshmallows,7400185,0.3,300g,Vrecica,MCENNEDY,1.99,6.63,20564094,Hrana,1.99
Schogetten SK92,0002838,0.1,100g,Tabla,,1.29,12.9,4000415174309,Hrana,1.29
Schogetten SK92,0002838,0.1,100g,Tabla,,1.29,12.9,4000415851507,Hrana,1.29
Schogetten SK92,0002838,0.1,100g,Tabla,,1.29,12.9,4000607069208,Hrana,1.29
Schogetten SK92,0002838,0.1,100g,Tabla,,1.29,12.9,4000607143007,Hrana,1.29
Schogetten SK92,0002838,0.1,100g,Tabla,,1.29,12.9,4000607151002,Hrana,1.29
Schogetten SK92,0002838,0.1,100g,Tabla,,1.29,12.9,4000607167904,Hrana,1.29
Müsli prutiæi SK50,0002858,0.2,200g,Kart. na prekl.,Crownfield,1.65,8.25,20080686,Hrana,1.65
Müsli prutiæi SK50,0002858,0.2,200g,Kart. na prekl.,Crownfield,1.65,8.25,20422677,Hrana,1.65
Bomboni od voænog želea,0002871,0.4,400g,Vrecica,Sweet Corner,2.49,6.23,4056489076216,Hrana,2.49
Sjajilo za ispiranje posuða,0151573,1.018,1l,PET-Boca,W5,1.89,1.89,4056489226642,Sredstva za èišæenje,1.89
Namazi sa svježim sirom,0151668,0.4,400g,Plitica,Eridanous,3.99,9.98,4056489231547,Hrana,3.99
Premium Vodka 42%/40% Vol. SK1,0152018,0.662,"0,7l",Boca,,8.99,12.84,4304493265325,Piæe,8.99
Premium Vodka 42%/40% Vol. SK1,0152018,0.662,"0,7l",Boca,,8.99,12.84,4304493265332,Piæe,8.99
Men šampon s kofeinom,0152045,0.26,250ml,Boca,Cien,1.39,5.56,4056489235026,Kozmetika,1.39
Sladoled SK1,0152614,0.173,3x90ml,Kart. na prekl.,MCENNEDY,2.99,11.07,4056489248484,Hrana,2.99
Pjenušac polusuhi,0152672,0.75,"0,75l",Boca,Burg Schöneck,2.99,3.99,4056489237433,Piæe,2.99
Pjenušac  suhi,0152678,0.2,"0,2l",Boca,Burg Schöneck,1.29,6.45,4056489237488,Piæe,1.29
Pjenušac  suhi,0152678,0.2,"0,2l",Boca,Burg Schöneck,1.29,6.45,4335619013742,Piæe,1.29
Morski plodovi praline,0152734,0.5,500g,Pakovanje,J.D. Gross,6.79,13.58,4056489249788,Hrana,6.79
Premium Sushi SK1,0152782,0.178,"168g,178,5g,185g",Pakovanje,select & go,3.79,21.23,4056489250197,Hrana,3.79
Dressing ljetni SK2,0152964,0.255,250ml,Staklo,Kania,1.79,7.16,4335619170940,Hrana,1.79
Eau de Parfum SK6,0153747,0.063,75ml,Kart. na prekl.,Suddenly,6.49,86.53,4056489545576,Kozmetika,6.49
Kozji sir SK2,0169128,0.1,100g,Pakovanje,Duc de Coeur,2.1,21,4056489679219,Hrana,2.1
Grickalice za pse SK6,0169319,0.14,"105g,135g,180g",Vrecica,Orlando,0.89,4.94,4056489333616,Proizvodi za kuæanstvo,0.89
Cronuts Èoko 2kom.,0169427,0.154,154g,Box,,1.59,10.32,4056489534211,Hrana,1.59
Punjena tjestenina,0169478,0.25,250g,Vrecica,Deluxe,2.89,11.56,4056489537434,Hrana,2.89
Sauvignon Blanc Pays d'Oc IGP,0074337,0.75,"0,75l",Boca,Chevalier de Fauvert,3.99,5.32,4056489114437,Piæe,3.99
Iso Drink SK2,0174037,0.65,650g,Limenka,Optisana,6.49,9.98,20158170,Hrana,6.49
Iso Drink SK2,0174037,0.65,650g,Limenka,Optisana,6.49,9.98,4056489608103,Hrana,6.49
High Protein Drink XXL SK1,0174614,0.42,420g,PET-Boca,Milbona,1.49,3.55,4304493268982,Hrana,1.49
Caffé Crema Classico XXL,0175044,1.2,1200g,Vrecica,Bellarom,14.99,12.49,4056489576808,Piæe,14.99
Dj. vodeni sladoled SK12,0175604,0.696,6x110ml,Kart. na prekl.,Bon Gelati,3.19,4.83,4056489542773,Hrana,3.19
o.b. Pro Comfort SK1,0176218,0,32komad,Pakovanje,,4.8,0.15,3574661423005,Proizvodi za kuæanstvo,4.8
o.b. Pro Comfort SK1,0176218,0,32komad,Pakovanje,,4.8,0.15,3574661624648,Proizvodi za kuæanstvo,4.8
Biskvit za torte,0176908,0.4,400g,Kart. na prekl.,Confiserie Firenze,3.59,8.98,4056489655978,Hrana,3.59
Kukuruzne tortilje,0177033,0.24,240g,Pakovanje,El Tequito,1.19,4.96,4056489656876,Hrana,1.19
Lak za nokte Cocktail SK2,0177036,0.01,11ml,Pakovanje,Cien Beauty,1.29,117.27,4056489430889,Kozmetika,1.29
Smrznuto povræe za tavu SK1,0177323,1,1kg,Vrecica,Freshona,2.99,2.99,4056489658641,Hrana,2.99
Toaletni papir 4-sloja,0178482,0.212,16x180Blatt,Pakovanje,Floralys,6.29,0.39,4056489668824,Proizvodi za kuæanstvo,6.29
Profiteroli,0178604,0.45,450g,Pakovanje,Italiamo,2.99,6.64,4056489671756,Hrana,2.99
Café Gold RFA,0178757,0.25,250g,Vakumir. pakov.,Bellarom,4.59,18.36,4056489600640,Piæe,3.69
Pripravak od sušene rajèice,0178938,0.19,190g,Staklo,Duc de Coeur,1.29,6.79,4056489682721,Hrana,1.29
Voæni napitak mango-vanilija,0179137,1.04,1l,Pakovanje,Solevita,1.99,1.99,4056489687047,Piæe,1.99
"Bio napitak od zobi, okus èokolada",0179288,1.036,1000ml,Karton,Vemondo,1.79,1.79,4056489687610,Hrana,1.79
"Škripavac, meki sir",6905627,0.3,300g,Vakumir. pakov.,Okusi zavièaja,3.89,12.97,4056489316602,Hrana,3.89
Plidenta Pasta za zube SK1,6905645,0.095,75ml,Pakovanje,,2.09,27.87,3856007908033,Kozmetika,2.09
Boom Box Zobena granola/èokol.,6905672,0.3,300g,Pakovanje,,3.49,11.63,3858890477344,Hrana,3.49
Kraš PreKrašni Kolaèiæi sa noug. p.,6905694,0.22,220g,Vrecica,,1.89,8.59,3850102011254,Hrana,1.89
Dipterol Natural Roll On pos. uboda,6905740,0.074,74g,Pakovanje,,4.68,63.24,3856007906251,Proizvodi za kuæanstvo,4.68
BO Domaæi klipiæ punjen šu. i sir.,6905746,0.07,70g,Rasuto,,0.99,14.14,3858889618178,Hrana,0.99
Borotalco Dezod. u spreju Acti.Sea ,6905776,0.09,150ml,Pakovanje,,3.69,24.6,8002410043594,Kozmetika,3.69
Tagliatelle bez glutena,6001116,0.25,250g,Atmos-Posudica,Chef Select,2.39,9.56,20686338,Hrana,2.39
Gotova jela tjestenina SK1,6001772,0.175,175g,Vrecica,Kania,1.69,9.66,20162191,Hrana,1.69
Goveða šunka Bresaola,6002492,0.08,80g,Atmos-Pakiranje,Deluxe,2.99,37.38,20378905,Hrana,2.99
Krumpir srca dvobojna,6002711,0.5,500g,Atmos-Posudica,Für Dich ,2.19,4.38,20342890,Hrana,2.19
Bezglutenski muffini,6003413,0.2,4x50g,Vrecica,Confiserie Firenze,2.49,12.45,20822385,Hrana,2.49
Lješnjak krem namaz 13%,6003961,0.75,750g,Staklo,Choco Nussa,3.79,5.05,20593735,Hrana,3.85
Namaz od lješnjaka,6003963,0.75,750g,Staklo,Choco Nussa,3.85,5.13,4056489162841,Hrana,3.85
Biskvit s punjenjem,6004432,0.168,6x28g,Kart. na prekl.,Milbona,1.79,10.65,20850449,Hrana,1.79
Ribani sušeni sir,6006350,0.25,250g,Dozator,Italiamo,4.29,17.16,20048686,Hrana,4.29
Pecorino Romano DOP,6006852,0.2,200g,Vakumir. pakov.,Italiamo,4.99,24.95,20052515,Hrana,4.99
Gorgonzola DOP s korom SK1,6007296,0.2,200g,Pakovanje,Milbona,2.29,11.45,20053468,Hrana,3.25
"Èajno pecivo s kakaom, UTZ",6008224,0.4,400g,Vrecica,Sondey,1.99,4.98,20264666,Hrana,1.99
Philips Aparat za šišanje,0410681,0.382,1ST,Pakovanje,,15,15,8710103970965,Kozmetika,15
Mlijeèni desert vanil. i èoko. SK3,5701233,0.135,"130g,140g",Pakovanje,Sol&Mar,1.59,12.23,20705534,Hrana,1.59
Maslinovo ulje u spreju SK11,5701525,0.183,200ml,Limenka,Kania,2.89,14.45,20879020,Hrana,2.89
Biskvit torta SK2,5702871,0.347,"330g,370g",Pakovanje,Sol&Mar,1.89,5.73,20421151,Hrana,1.89
Biskvit torta SK2,5702871,0.347,"330g,370g",Pakovanje,Sol&Mar,1.89,5.11,20421236,Hrana,1.89
Osvježivaè za auto SK1,5702896,0.005,6ml,Boca,W5,1.29,215,20037437,Sredstva za èišæenje,1.29
Osvježivaè za auto SK1,5702896,0.005,6ml,Boca,W5,1.29,215,20037536,Sredstva za èišæenje,1.29
Osvježivaè za auto SK1,5702896,0.005,6ml,Boca,W5,1.29,215,20527174,Sredstva za èišæenje,1.29
Chorizo Extra kobasica,5704737,0.2,2x100g,Atmos-Posudica,Dulano Selection,2.79,13.95,20796549,Hrana,2.79
Tvrdi sir SK3,5704773,0.22,220g,Vakumir. pakov.,Sol&Mar,4.29,19.5,20645250,Hrana,4.29
Guacamole umak,5705438,0.2,200g,Plitica,El Tequito,2.19,10.95,20880514,Hrana,1.69
Bio wellness èaj SK7,5707655,0.024,12x2g,Karton,Lord Nelson,2.89,120.42,4056489140368,Piæe,2.89
Somersby Mango Cider,6906415,0.5,"0,5l",Limenka,,1.69,3.38,8600331002029,Piæe,1.69
Varžak Med Lipa,6906422,0.45,450g,Staklo,,4.77,10.6,3859893439216,Hrana,4.77
"Guinness Draught 4,2%",6906423,1.8,"4x0,44l",Limenka,,8.49,4.82,5000213010785,Piæe,8.49
Nila Mixed Happy Color 68 pranja,6906442,3.796,"3,7l",PET-Boca,,4.99,1.35,3850105180704,Sredstva za èišæenje,4.99
Ornel Omekšivaè Flower G. 150 pr.,6906445,3.75,"3,75l",PET-Boca,,4.25,1.13,3850105177322,Sredstva za èišæenje,4.25
Faks Deterdžent za pr. rublja 90pr.,6906451,5.85,"5,85kg",Vrecica,,14.99,2.56,3850105176738,Sredstva za èišæenje,14.99
Marelica nektar,6906562,1.061,1l,Pakovanje,Solevita,1.69,1.69,4056489610991,Piæe,1.59
Lino Lada Gold Namaz,6906696,0.65,650g,Staklo,,4.79,7.37,3856020259914,Hrana,4.79
BO Somun send. s pur. šun. i sirom ,6907018,0.16,160g,Rasuto,,1.29,8.06,3858893941859,Hrana,1.29
BO Somun send. s pur. šun. i sirom ,6907018,0.16,160g,Rasuto,,1.29,8.06,4052917666721,Hrana,1.29
Svježi filet brancina,6907049,0.37,370g,Atmos-Pakiranje,Naša ribarnica,9.99,27,4056489611547,Hrana,9.99
Džem od višnje,6907111,0.63,630g,Staklo,Okusi zavièaja,2.49,3.95,4056489611523,Hrana,2.49
WC Net Crystal Pink Gel za èišæenje,6907112,1.5,2x750ml,Pakovanje,,3.15,2.1,3859892558772,Sredstva za èišæenje,3.15
Lasta Krem štapiæi lješnjak,6907120,0.2,200g,Pakovanje,,1.85,9.25,3870128030060,Hrana,1.85
Nila Tek.deterdžent 50 pranja SK1,6907141,2.7,"2,7l",PET-Boca,,8.89,0.18,3850105169662,Sredstva za èišæenje,9.29
Arf Cream Tekuæi abraziv SK1,6907145,0.4,400ml,PET-Boca,,1.89,4.73,3850105181596,Sredstva za èišæenje,2.15
Sirup borovnica light,6907159,1.003,1l,PET-Boca,-,1.29,1.29,4304493260191,Piæe,1.29
Dove Dezodorans SK1,6907175,0.15,150ml,Pakovanje,,5.19,34.6,8717163994252,Kozmetika,5.35
The Garden Brewery Craft pivo SK3,6907187,0.443,"0,44l",Limenka,,1.85,4.2,3858893811589,Piæe,1.85
Sredstvo za uklanjanje masnoæa,6907204,1.015,1l,PET-Boca,-,1.89,1.89,4056489611622,Sredstva za èišæenje,1.89
Eva Sardine u biljnom ulju,6907224,0.1,100g,Limenka,,1.06,10.6,3856020262525,Hrana,1.06
Vincinni Tortina mlijeèna krema,6907234,0.2,200g,Pakovanje,,1.19,5.95,5310115001089,Hrana,1.19
Vincinni Tiramisu torta,6907235,0.4,400g,Pakovanje,,2.65,6.63,5310345008674,Hrana,2.65
Istarski žlomprt narezak,6907238,0.1,100g,Atmos-Pakiranje,Okusi zavièaja,1.99,19.9,4056489611790,Hrana,2.69
Ekos Sacher kocka,6907244,0.45,450g,Pakovanje,,4.99,11.09,3858889618796,Hrana,4.99
Zvijezda Suncokretovo ulje RETRO,6907248,1.1,"1,2l",Boca,,1.85,1.54,3856015320926,Hrana,1.85
Arf WC osvježivaè limun,6907254,0.11,2x55g,Pakovanje,,1.99,18.09,3850105174895,Sredstva za èišæenje,1.99
Arf sred. za èišæ. stak. Antistatic,6907256,0.65,650ml,Boca,,1.49,2.29,3850105181107,Sredstva za èišæenje,1.49
'z bregov Prot. -ml. pr. nap.Nougat,6907263,0.5,"0,5l",Pakovanje,,2.49,4.98,3850108023633,Hrana,2.49
Dipterol Natural Losion 2u1,6907280,0.13,125ml,Pakovanje,,8.89,71.12,3856007910937,Proizvodi za kuæanstvo,8.89
Slatki kukuruz u zrnu (ATG 3x140g),6410443,0.48,3x212ml,Limenka,Freshona,2.69,6.4,4056489499664,Hrana,Nije_bilo_u_prodaji_02.05.2025
Goldenfood File paèjih prsa,6410893,1,"cca. 0,4-0,6kg",Vakumir. pakov.,,9.99,9.99,2898031000000,Hrana,9.99
Goldenfood File paèjih prsa,6410893,1,"cca. 0,4-0,6kg",Vakumir. pakov.,,9.99,9.99,2898032000000,Hrana,9.99
Goldenfood File paèjih prsa,6410893,1,"cca. 0,4-0,6kg",Vakumir. pakov.,,9.99,9.99,2898038000000,Hrana,9.99
Goldenfood Svj. paèji batak-zabatak,6410895,1,"cca. 0,4-0,6kg",Vakumir. pakov.,,8.99,8.99,2898050000000,Hrana,8.99
Goldenfood Svj. paèji batak-zabatak,6410895,1,"cca. 0,4-0,6kg",Vakumir. pakov.,,8.99,8.99,2898051000000,Hrana,8.99
Goldenfood Svj. paèji batak-zabatak,6410895,1,"cca. 0,4-0,6kg",Vakumir. pakov.,,8.99,8.99,2898056000000,Hrana,8.99
Goldenfood Svj. paèji batak-zabatak,6410895,1,"cca. 0,4-0,6kg",Vakumir. pakov.,,8.99,8.99,2898057000000,Hrana,8.99
Goldenfood Svj. paèji batak-zabatak,6410895,1,"cca. 0,4-0,6kg",Vakumir. pakov.,,8.99,8.99,2898059000000,Hrana,8.99
Party-mix,6411077,0.38,380g,Vakumir. pakov.,Grillmeister,2.99,7.87,4056489500711,Hrana,2.99
Palaèinke na amerièki naèin,6600113,0.3,300g,Pakovanje,MCENNEDY,2.29,7.63,20385286,Hrana,2.29
Jelly Beans SK2,6601532,0.25,250g,Vrecica,MCENNEDY,1.59,6.36,20192716,Hrana,1.59
Amerièki sladoled SK16,6601570,0.43,"485ml,500ml",Posudica,Gelatelli,3.99,7.98,20396152,Hrana,3.99
Amerièki sladoled SK16,6601570,0.43,"485ml,500ml",Posudica,Gelatelli,3.99,8.23,20559687,Hrana,3.99
Amerièki sladoled SK16,6601570,0.43,"485ml,500ml",Posudica,Gelatelli,3.99,8.23,4056489284567,Hrana,3.99
Amerièki sladoled SK16,6601570,0.43,"485ml,500ml",Posudica,Gelatelli,3.99,7.98,4056489284574,Hrana,3.99
Žele bomboni SK1,6603918,0.2,200g,Samost.vreca,Sweet Corner,1.61,8.05,20714710,Hrana,1.79
UFO Keksi,6608053,0.185,185g,Pakovanje,Sondey,2.39,12.92,4056489340256,Hrana,2.39
Sladoled Classic mix,6610076,0.457,4x150ml,Plitica,Gelatelli,6.19,10.32,4056489625827,Hrana,6.19
Premium sladoled SK1,6610962,0.423,500ml,Posudica,Gelatelli,3.99,7.98,4056489792550,Hrana,3.99
Povrtni wrap SK7,6612810,0.37,370g,Pakovanje,Vemondo,1.79,4.84,4056489476672,Hrana,1.79
Gulaš SK6,6700114,0.4,400g,Limenka,Pikok,1.99,4.98,20470579,Hrana,1.99
Müsli ploèice malina,6700577,0.03,30g,Pakovanje,First Nice,0.29,0.29,20231231,Hrana,0.29
Topljeni sir u listiæima,0146567,0.4,400g,Pakovanje,Milbona,2.99,7.48,4056489105442,Hrana,2.99
Tjestenina Fussili XXL,0146617,1.2,"1,2kg",Vrecica,Combino,1.89,1.58,4056489105718,Hrana,1.89
Nola upaljaè,0146648,0.053,1komad,Kart. na prekl.,,1.15,1.15,4334035538334,Proizvodi za kuæanstvo,1.15
Svježi prirodni sok SK16,0146799,1.045,1l,PET-Boca,Solevita,3.19,3.19,4304493265547,Hrana,3.19
Svježi prirodni sok SK16,0146799,1.045,1l,PET-Boca,Solevita,3.19,3.19,4304493265554,Hrana,3.19
Set zaèina za Gin Tonic,0147077,0.04,40g,Pakovanje,Deluxe,4.29,4.29,4056489117995,Hrana,4.29
Lisnato tijesto  s maslacem XXL SK1,0147311,0.2,200g,Pakovanje,Snack Day,1.89,9.45,4056489113652,Hrana,1.89
Tvrdi ribani sir,0147342,0.1,100g,Vrecica,Milbona,1.29,12.9,4056489127345,Hrana,1.29
Gestos ARG Malbec,0147431,0.75,"0,75l",Boca,,4.49,5.99,7790470083728,Piæe,4.49
"Mars,Snickers,Twix,Bou.Minis SK2",0147829,0.275,275g,Vrecica,,3.59,13.05,5000159473354,Hrana,3.59
"Mars,Snickers,Twix,Bou.Minis SK2",0147829,0.275,275g,Vrecica,,3.59,13.05,5000159474931,Hrana,3.59
Pasta Mac&Cheese,0148160,1,1kg,Plitica,MCENNEDY,4.39,4.39,4056489149507,Hrana,4.39
"Svježi filet lososa, cca.1kg",0148255,1,cca.1kg,Vakumir. pakov.,,13.99,13.99,2868844000000,Hrana,13.49
Mesnata slanina XXL,0142363,0.3,2x150g,Pakovanje,Dulano,2.49,8.3,4056489618010,Hrana,3.19
Torta SK1,0142427,0.765,"700g,830g",Kart. na prekl.,Italiamo,7.99,9.63,4056489020943,Hrana,7.99
"Papirnate èaše za pivo 0,5l",0142486,0.135,10komad,Pakovanje,Grillmeister,1.99,0.2,4056489021605,Proizvodi za kuæanstvo,1.99
Bella Caffe DG Caffe Effi. Box Esp.,0142600,0.096,96g,Kart. na prekl.,Bellarom,3.79,39.48,8718657493367,Piæe,3.79
Žitarice SK2,0142679,0.5,500g,Vrecica,Campo Largo,1.19,2.38,20757755,Hrana,1.19
Papirnate èaše,0143002,0.34,50komad,Pakovanje,Grillmeister,2.89,0.06,4056489024101,Proizvodi za kuæanstvo,2.89
Èaj u piramida vreæicama UTZ SK36,0143058,0.036,"20x1,6g,20x2g",Kart. na prekl.,Lord Nelson,1.99,1.99,20410322,Piæe,1.99
Èaj u piramida vreæicama UTZ SK36,0143058,0.036,"20x1,6g,20x2g",Kart. na prekl.,Lord Nelson,1.99,1.99,4056489024279,Piæe,1.99
Vreæice za led SK2,0143080,0.058,20komad,Kart. na prekl.,Aromata,0.89,0.04,20155209,Proizvodi za kuæanstvo,0.89
Vreæice za led SK2,0143080,0.058,20komad,Kart. na prekl.,Aromata,0.89,0.04,20155216,Proizvodi za kuæanstvo,0.89
Grickalice za pse premium SK4,0143111,0.1,100g,Vrecica,Orlando Pure Taste,2.99,29.9,4056489024682,Proizvodi za kuæanstvo,2.99
MSC Surimi štapiæi,0143164,0.25,250g,Pakovanje,Ocean Sea,1.59,6.36,4056489025115,Hrana,1.59
Voæni sladoled na štapiæu,0143594,0.384,6x60ml,Kart. na prekl.,Gelatelli,1.84,5.11,4056489027485,Hrana,Nije_bilo_u_prodaji_02.05.2025
Pan. pil. innerfile Cornf. panada,6904316,1,ca.500g,Atmos-Posudica,Gourmet,9.25,9.25,2835169000000,Hrana,9.25
"Proviact tekuæi jogurt 1,0%",6904320,1,1kg,PET-Boca,Pilos,1.59,1.59,4304493259614,Hrana,1.59
BO Domaæa pogaèa,6904332,0.3,300g,Rasuto,,0.99,3.3,3859893442575,Hrana,0.99
Mozzarella u komadu XXL,6904356,0.7,700g,Vakumir. pakov.,,4.79,6.84,3858888598150,Hrana,4.79
"Svježe pile, cca. 2kg",6904372,1,ca. 2kg,Vrecica,,3.19,3.19,2146202000000,Hrana,3.19
"Svježe pile, cca. 2kg",6904372,1,ca. 2kg,Vrecica,,3.19,3.19,2146206000000,Hrana,3.19
"Dimljena šunka s kosti, cca. 6kg",6904437,1,ca. 6kg,Vakumir. pakov.,Pikok,4.89,4.89,2845192000000,Hrana,4.89
"Dimljena šunka s kosti, cca. 6kg",6904437,1,ca. 6kg,Vakumir. pakov.,Pikok,4.89,4.89,2845196000000,Hrana,4.89
"Dimljena šunka s kosti, cca. 6kg",6904437,1,ca. 6kg,Vakumir. pakov.,Pikok,4.89,4.89,2845199000000,Hrana,4.89
"Dimljena šunka s kosti, cca. 6kg",6904437,1,ca. 6kg,Vakumir. pakov.,Pikok,4.89,4.89,2851980000000,Hrana,4.89
Talijanski desert SK1,0133222,0.34,"4x80g,4x90g",Pakovanje,Milbona,2.79,8.72,40879079,Hrana,2.79
Svježi zrnati sir XXL SK2,0133625,0.3,300g,Posudica,Milbona,1.69,5.63,20994945,Hrana,1.69
Tijesto za pizzu XXL,0133682,0.55,550g,Pakovanje,Chef Select & You,1.85,3.36,4056489412328,Hrana,1.85
Eukaliptus-mentol bomboni XXL,0134012,0.36,360g,Vrecica,Amanie,1.29,3.58,40892191,Hrana,1.29
Èokoladne pahuljice XXL SK5,0134430,0.9,900g,Kart. na prekl.,Crownfield,3.99,4.43,4056489021469,Hrana,3.99
Sprej za sunèanje ZF 30,0134608,0.201,200ml,Boca,Cien Sun,5.99,29.95,4056489368403,Kozmetika,5.99
Sprej za sunèanje ZF 30,0134608,0.201,200ml,Boca,Cien Sun,5.99,29.95,4056489601692,Kozmetika,5.99
File aljaške kolje Bordelaise,0134881,0.4,400g,Kart. na prekl.,Ocean Sea,2.69,6.73,4052917010494,Hrana,2.69
Njega za pranje beba SK5,0135048,0.511,500ml,PET-Boca,Lupilu,2.25,4.5,20008802,Kozmetika,2.25
Njegujuæe ulje za bebe,0135051,0.276,300ml,PET-Boca,Lupilu,2.69,8.97,20008871,Kozmetika,2.69
Pik Rijeka Pita od oraha,6906724,0.45,450g,Pakovanje,,3.39,7.53,3850135265570,Hrana,3.39
O'Plant Biljni napitak riža,6906730,1.04,1l,Pakovanje,,1.99,1.99,3856020249939,Hrana,1.99
Lino Lada Duo,6906755,2.5,"2,5kg",Kanta,,13.99,5.6,3850104019791,Hrana,13.99
Ukrasna vreæica 32x26x12cm,6906786,0.08,1komad,Pakovanje,,1.45,1.45,3856023029521,Proizvodi za kuæanstvo,1.45
Ukrasna vreæica 32x26x12cm,6906786,0.08,1komad,Pakovanje,,1.45,1.45,3856023029545,Proizvodi za kuæanstvo,1.45
Kandit Žele kocke RETRO,6906851,0.32,320g,Kart. na prekl.,,1.99,6.22,3856024803724,Hrana,1.99
Violeta Baby vlažne maramice,6906919,1.21,4x56Blatt,Pakovanje,,4.59,1.15,3870128008182,Proizvodi za kuæanstvo,4.59
Pivac Dalmatinska panceta,6906932,1,cca. 800g,Vakumir. pakov.,,11.99,11.99,2118201000000,Hrana,11.99
BO Seljaèko pecivo,5522816,0.085,80g,Rasuto,,0.35,4.38,4056489061137,Hrana,0.35
BO Seljaèko pecivo,5522816,0.085,80g,Rasuto,,0.35,4.38,4334035826097,Hrana,0.35
Cappuccino SK4,5523540,0.13,130g,Vrecica,Bellarom,1.09,8.38,4056489622130,Piæe,1.09
Hrenovke od mesa svinjskog buta,5525684,0.25,250g,Atmos-Pakiranje,Pikok,1.89,7.56,4056489185413,Hrana,1.89
Det. za ruèno pranje posuða SK9,5525905,1.025,1l,PET-Boca,-,1.09,1.09,4056489179122,Sredstva za èišæenje,1.09
"Instant napitak 2u1, 10x14g",5529663,0.14,140g,Vrecica,Bellarom,1.25,8.93,4056489184171,Piæe,1.49
Voæni èaj SK1,5531343,0.04,20x2g,Kart. na prekl.,Lord Nelson,1.19,1.19,4056489184454,Piæe,1.19
Univ. bio. vl. maram. za èiš. SK1,5532381,0.476,80komad,Pakovanje,W5,1.99,0.02,4056489302100,Proizvodi za kuæanstvo,1.99
Univ. bio. vl. maram. za èiš. SK1,5532381,0.476,80komad,Pakovanje,W5,1.99,0.02,4056489304234,Proizvodi za kuæanstvo,1.99
"Pureæi filet XXL, cca. 1-1,5 kg",5533555,1,"ca.1-1,5kg",Vakumir. pakov.,RZEZNIK,7.69,7.69,2835550000000,Hrana,7.75
"Pureæi filet XXL, cca. 1-1,5 kg",5533555,1,"ca.1-1,5kg",Vakumir. pakov.,RZEZNIK,7.69,7.69,2835553000000,Hrana,7.75
"Pureæi filet XXL, cca. 1-1,5 kg",5533555,1,"ca.1-1,5kg",Vakumir. pakov.,RZEZNIK,7.69,7.69,2835556000000,Hrana,7.75
"Pureæi filet XXL, cca. 1-1,5 kg",5533555,1,"ca.1-1,5kg",Vakumir. pakov.,RZEZNIK,7.69,7.69,2894256000000,Hrana,7.75
Žele od višnje/naranèe u èok. SK2,5535118,0.19,190g,Kart. na prekl.,Mister Choc,1.79,9.42,4056489304036,Hrana,1.79
Suha šunka ili peèenica SK1,5535256,0.1,100g,Atmos-Pakiranje,Deluxe,1.99,19.9,4056489358534,Hrana,1.99
Bob Snail voæne rolice SK6,5538170,0.03,30g,Pakovanje,,1.19,1.19,4820162520309,Hrana,1.19
BBQ umak SK1,5543409,0.354,"350g,355g,360g",PET-Boca,Grillmeister,1.89,5.25,4056489584612,Hrana,1.89
Svinjska potrbušina peèena,5545654,1,cca. 400g,Atmos-Posudica,Kuljanka,9.79,9.79,2848037000000,Hrana,9.79
Škare za kosu- britvica,0430466,0.063,"1ST,1ZSE",Pakovanje,,3,3,4058143086951,Kozmetika,3
Škare za kosu- britvica,0430466,0.063,"1ST,1ZSE",Pakovanje,,3,3,4058143086968,Kozmetika,3
Mini burek rolice SK3,0186840,0.32,320g,Kart. na prekl.,1001 delights,3.49,10.91,20793166,Hrana,3.49
Scotch Whisky 40% Vol.,0187015,1.4,"1,5l",Boca,Queen Margot,14.99,9.99,4304493270688,Piæe,14.99
Sapun za ruke Prem. Sizil. St. SK1,0188537,0.515,500ml,PET-Boca,Cien,1.99,3.98,4056489827009,Kozmetika,1.99
Sapun za ruke Prem. Sizil. St. SK1,0188537,0.515,500ml,PET-Boca,Cien,1.99,3.98,4056489827023,Kozmetika,1.99
Sapun za ruke Prem. Sizil. St. SK1,0188537,0.515,500ml,PET-Boca,Cien,1.99,3.98,4335619161177,Kozmetika,1.99
Kremasti gel za tuširanje SK1,0188543,0.412,400ml,PET-Boca,Cien,0.99,2.48,4056489827153,Kozmetika,0.99
Kremasti gel za tuširanje SK1,0188543,0.412,400ml,PET-Boca,Cien,0.99,2.48,4056489827160,Kozmetika,0.99
Muški gel za tuširanje Sommer SK2,0188610,0.412,400ml,Boca,Cien men,1.29,3.23,4056489482413,Kozmetika,1.29
Mediteranski zaèini SK2,0189653,0.027,"16g,27g,28g,30g,35g",Staklo,Italiamo,1.59,58.89,20046262,Hrana,1.59
Mediteranski zaèini SK2,0189653,0.027,"16g,27g,28g,30g,35g",Staklo,Italiamo,1.59,58.89,20046361,Hrana,1.59
Mediteranski zaèini SK2,0189653,0.027,"16g,27g,28g,30g,35g",Staklo,Italiamo,1.59,99.38,20046385,Hrana,1.59
Mediteranski zaèini SK2,0189653,0.027,"16g,27g,28g,30g,35g",Staklo,Italiamo,1.59,53,20046392,Hrana,1.59
Internacionalna gotova jela SK1,0189655,0.825,825g,Plitica,Chef Select,3.29,3.99,4056489821762,Hrana,3.29
Osvježivaè WC školjke SK2,0190620,0.099,3x33g,Blister,W5,2.45,24.75,4056489585558,Sredstva za èišæenje,2.45
Mlijeèni desert SK70,0190738,0.502,900ml,Plitica,Bon Gelati,3.99,4.43,4056489786092,Hrana,3.99
Kokice za mikrovalnu peænicu SK1,0190773,0.3,3x100g,Pakovanje,MCENNEDY,0.99,3.3,20141486,Hrana,0.99
Umak sa sirom Feta SK1,0192504,0.177,175ml,Staklo,Eridanous,2.29,13.09,4056489864936,Hrana,1.9
Šeæerna dekoracija Uskrs SK33,0192649,0.027,"11g,12g,16g,25g,4x25g",Kart. na prekl.,Belbake,1.99,165.83,4056489442264,Hrana,1.99
Šeæerna dekoracija Uskrs SK33,0192649,0.027,"11g,12g,16g,25g,4x25g",Kart. na prekl.,Belbake,1.99,124.38,4056489442271,Hrana,1.99
Šeæerna dekoracija Uskrs SK33,0192649,0.027,"11g,12g,16g,25g,4x25g",Kart. na prekl.,Belbake,1.99,79.6,4056489442271,Hrana,1.99
Šeæerna dekoracija Uskrs SK33,0192649,0.027,"11g,12g,16g,25g,4x25g",Kart. na prekl.,Belbake,1.99,180.91,4056489865667,Hrana,1.99
Šeæerna dekoracija Uskrs SK33,0192649,0.027,"11g,12g,16g,25g,4x25g",Kart. na prekl.,Belbake,1.99,124.38,4056489865667,Hrana,1.99
Šeæerna dekoracija Uskrs SK33,0192649,0.027,"11g,12g,16g,25g,4x25g",Kart. na prekl.,Belbake,1.99,124.38,4056489865711,Hrana,1.99
Uskršnje šeæerne dekoracije SK21,0192651,0.1,4x25g,Kart. na prekl.,Belbake,2.69,26.9,4056489865391,Hrana,2.69
BO Pecivo sa sjemenkama,0192844,0.095,90g,Rasuto,,0.39,4.33,4056489869450,Hrana,0.39
Zamjenski ulošci za britvicu,0193291,0.021,4komad,Kart. na prekl.,Cien,4.59,1.15,4056489874003,Kozmetika,4.59
"Bio kašica mlj. meso, kru., povræe",0193597,0.19,190g,Staklo,Lupilu,0.95,5,4056489882176,Hrana,0.95
Punjeni Mochis SK1,0193909,0.18,6x30g,Kart. na prekl.,Deluxe,3.99,22.17,4056489883166,Hrana,3.99
Kokteli 15% SK1,0193932,0.684,0.700l,Boca,,5.49,7.84,4304493269002,Piæe,5.49
Tekuæi deterdžent za rublje SK1,0194399,3.1,3l,PET-Boca,Maxitrat,4.99,4.99,4056489889397,Sredstva za èišæenje,4.99
Edamame SK1,0194604,0.15,150g,Plitica,Vitasia,1.39,9.27,4056489889731,Hrana,1.39
Pribor za manikuru,0435991,0.018,1ST,Pakovanje,Cien BEAUTY,0.5,0.5,4335633000261,Kozmetika,0.5
Pag 91 Kuh. morska sol sitna doz.,6907873,0.25,250g,Dozator,,0.79,3.16,3859888817166,Hrana,0.99
Pag 91 Morska sol krupna ,6907874,1,1kg,Vrecica,,0.49,0.49,3859888817036,Hrana,0.49
Podravka Džem od šipka,6907952,0.67,670g,Staklo,,2.79,4.16,3856020252243,Hrana,2.79
BO Burek s mesom,6907962,0.21,210g,Rasuto,,1.49,7.1,4053216194762,Hrana,1.49
"PP Svježe ""Meðimursko"" mar. pile",6907974,1,"ca. 1,6kg",Pakovanje,,3.69,3.69,2114385000000,Hrana,3.69
Spirits of Croatia Voæ. lik. od du.,6907990,0.5,"0,5l",Boca,,7.49,14.98,3859894287052,Piæe,7.49
"Violeta Toaletni papir 3sl, Pure&St",6908034,1.516,24x110Blatt,Pakovanje,,4.99,0.21,3858893660255,Proizvodi za kuæanstvo,4.99
Sunlove Vosak za kosu ,6908047,0.083,100ml,Kozm.posudica,,2.99,29.9,3850177003826,Kozmetika,2.99
Sunlove Uljni gel za tuširanje SK1,6908054,0.256,250ml,PET-Boca,,2.59,10.36,3850177003833,Kozmetika,2.59
BO Domaæi craft klipiæ,6908106,0.06,60g,Rasuto,,0.62,10.33,3858889619038,Hrana,0.59
Mini napolitanke SK1,6908123,0.2,200g,Sortirano,Sondey,0.99,4.95,4056489925491,Hrana,0.99
Aquafresh Pasta za zube SK2,6908130,0.1,100ml,Tuba,,2.69,26.9,5999518578062,Kozmetika,2.69
Aquafresh Pasta za zube SK2,6908130,0.1,100ml,Tuba,,2.69,26.9,5999518578079,Kozmetika,2.69
Corny Banana,6908140,0.05,50g,Pakovanje,,1.19,23.8,4011800584511,Hrana,1.19
PIK Natur mortadela narezana,6908156,0.125,125g,Atmos-Pakiranje,,1.49,11.92,3850139282153,Hrana,1.49
Lino Lada Namaz Duo,6908205,0.77,770g,Staklo,,5.19,6.74,3856020272739,Hrana,5.19
Durex Kondomi SK1,6908219,0.019,6komad,Pakovanje,,5.99,1,5997321774909,Proizvodi za kuæanstvo,5.99
Limun 500g,0080170,0.5,500g,Pakovanje,,0.99,1.98,20241834,Hrana,0.99
Kruška 1kg,0080281,1,1kg,Pakovanje,,1.99,1.99,20250140,Hrana,2.19
Kruška 1kg,0080281,1,1kg,Pakovanje,,1.99,1.99,4335619014510,Hrana,2.19
Trešnja 500g,0080363,0.5,500g,Pakovanje,,4.99,9.98,3857500072139,Hrana,3.49
Ananas,0080611,1.655,1komad,Rasuto,,2.22,2.22,4335619266773,Hrana,2.49
Ananas,0080611,1.655,1komad,Rasuto,,2.22,2.22,8033229870088,Hrana,2.49
Physalis,0080735,0.1,100g,Pakovanje,,0.49,4.9,7706899000062,Hrana,1.29
Borovnica 125g,0080820,0.125,125g,Pakovanje,,1.49,11.92,8437005016392,Hrana,1.49
Mahuna zelena široka,0082327,0.5,500g,Pakovanje,,2.99,5.98,20247928,Hrana,2.49
Domaæa rajèica cherry 250g,0082386,0.25,250g,Pakovanje,,2.19,8.76,20242138,Hrana,2.19
Spužvica za šminku,0441136,0.008,1ST,Pakovanje,Cien BEAUTY,0.5,0.5,4335633057920,Kozmetika,0.5
Spužvica za šminku,0441136,0.008,1ST,Pakovanje,Cien BEAUTY,0.5,0.5,4335633057968,Kozmetika,0.5
Keksi,5210950,0.21,210g,Pakovanje,Hatherwood,1.29,6.14,20405588,Hrana,1.29
Okrugli keksi s maslacem,5211437,0.16,160g,Kart. na prekl.,Hatherwood,1.99,12.44,20114404,Hrana,1.99
Kolaè od sira SK7,5231951,0.443,"430g,450g",Kart. na prekl.,Hatherwood,5.19,12.07,4335619072565,Hrana,5.19
Kolaè od sira SK7,5231951,0.443,"430g,450g",Kart. na prekl.,Hatherwood,5.19,11.53,4335619072565,Hrana,5.19
Irish Gin 40%,5302814,0.7,700ml,Boca,,10.49,14.99,20835118,Piæe,10.49
Prutiæi punjeni èokoladom RFA,5500248,0.28,280g,Pakovanje,Sondey,1.55,5.54,20498351,Hrana,1.55
"Jako pivo 7,2%",5500395,0.502,"0,5l",Limenka,Argus,1.09,2.18,4056489877738,Piæe,1.09
"Jako pivo 7,2%",5500395,0.502,"0,5l",Limenka,Argus,1.09,2.18,4304493257139,Piæe,1.09
Kocke za juhu SK6,5500632,0.12,120g,Kart. na prekl.,Kania,0.75,6.25,20420635,Hrana,0.75
Sapun SK1,5500714,0.1,100g,Pakovanje,-,0.39,3.9,20819873,Kozmetika,0.39
"BBQ umak, 420ml",5501634,0.5,500g,PET-Boca,Grill&Fun,1.99,3.98,20299293,Hrana,1.99
Svježi filet pileæih prsa,6907295,1,ca. 1kg,Vakumir. pakov.,,5.65,5.65,2895145000000,Hrana,5.25
Svježi filet pileæih prsa,6907295,1,ca. 1kg,Vakumir. pakov.,,5.65,5.65,2895149000000,Hrana,5.25
Hand cooked chips s morskom soli,6907332,0.125,125g,Vrecica,Deluxe,0.99,7.92,4056489612049,Hrana,0.99
Lino Keksolino kakao keksiæi,6907350,0.14,140g,Vrecica,,1.69,12.07,3856020254827,Hrana,1.69
Ledo Njofra sladoled štapiæ,6907366,0.252,6x65ml,Kart. na prekl.,,5.99,15.36,3850116056869,Hrana,5.99
Banjaluèki æevapèiæi,6907395,0.5,500g,Atmos-Pakiranje,Naša mesnica,3.99,7.98,4056489611837,Hrana,4.19
Johnnie Walker Black Naked,6907408,0.7,"0,7l",Boca,,20.49,29.27,5000267024202,Piæe,20.49
Baby vlažne maramice sensitiv,6907414,415,80komad,Pakovanje,Lupilu,1.29,0.02,4056489612063,Proizvodi za kuæanstvo,1.29
Striploin Steak,6907419,0.275,275g,Vakumir. pakov.,,5.49,19.96,4056489002758,Hrana,5.49
"Everton Instant èaj 	",6907422,1,1000g,Vrecica,,2.59,2.59,8007185007703,Piæe,2.59
Podravka Fini Mini Kokošji noodles,6907469,0.375,375g,Vrecica,,1.99,5.31,3856020258337,Hrana,1.99
Podravka Fini Mini Goveði noodles,6907470,0.375,375g,Vrecica,,1.99,5.31,3856020258399,Hrana,1.99
"Kvrgavi kulen, cca. 550g",6907535,1,ca. 550g,Vakumir. pakov.,Okusi zavièaja,19.99,19.99,2896380000000,Hrana,19.99
"Cromaris Zubatac, ca. 900g",6907560,1,ca. 900g,Atmos-Pakiranje,,21.99,21.99,2128024000000,Hrana,21.99
"Cromaris Zubatac, ca. 900g",6907560,1,ca. 900g,Atmos-Pakiranje,,21.99,21.99,2128026000007,Hrana,21.99
"Cromaris Zubatac, ca. 900g",6907560,1,ca. 900g,Atmos-Pakiranje,,21.99,21.99,2128027000000,Hrana,21.99
Aranžmani Mirna & Princ,6907569,1.41,1komad,Pakovanje,,32.99,32.99,3858889015946,Proizvodi za kuæanstvo,32.99
Craft Baranjska kobasica,6907582,0.32,320g,Vakumir. pakov.,Okusi zavièaja,4.49,14.03,4056489925095,Hrana,4.49
Lumen Lampion križ,6907660,0.225,1komad,Pakovanje,,1.99,1.99,3870634000151,Proizvodi za kuæanstvo,1.99
Ajax Sredstvo za èišæenje kuæ. SK1,6907666,1.3,1300ml,PET-Boca,,4.39,3.38,8718951358768,Sredstva za èišæenje,4.39
Palmolive Šampon SK2,6907702,0.363,350ml,PET-Boca,,3.55,10.14,8718951576919,Kozmetika,3.55
Medni sufle SK2,6907716,0.2,200g,Staklo,,3.25,16.25,0796554964690,Hrana,3.25
Poklon paket Nivea Men Sensitive,6907866,0.37,350ml,Pakovanje,,6.99,19.97,9005800372266,Kozmetika,6.99
"'z bregov Svježe mlijeko 3,2% m.m.",6901019,1,1l,PET-Boca,,1.49,1.49,3850108011845,Hrana,1.49
BO Hot-dog pecivo SUS,6901093,0.08,80g,Rasuto,,0.32,4,3859890733430,Hrana,0.32
"Jaja podni uzgoj, razred M, 10 kom.",6901107,0.58,10komad,Pakovanje,Okusi zavièaja,2.39,0.24,3859891140060,Hrana,2.49
"Jaja podni uzgoj, razred M, 10 kom.",6901107,0.58,10komad,Pakovanje,Okusi zavièaja,2.39,0.24,4056489074991,Hrana,2.49
"Jaja podni uzgoj, razred M, 10 kom.",6901107,0.58,10komad,Pakovanje,Okusi zavièaja,2.39,0.24,4056489926641,Hrana,2.49
"Leffe Brown pivo, 6,5%",6901136,0.33,"0,33l",Boca,,1.89,5.73,5410228166672,Piæe,1.89
Nivea Body Milk SK2,6901147,0.25,250ml,Boca,,4.89,19.56,4005808246205,Kozmetika,4.89
Nivea Body Milk SK2,6901147,0.25,250ml,Boca,,4.89,19.56,9005800377889,Kozmetika,4.89
Pitroid Sprej protiv svih kukaca,6901185,0.349,400ml,Limenka,,4.19,10.48,3856007902024,Proizvodi za kuæanstvo,4.19
"Kinder mini èokolada, 120g",6901349,0.12,120g,Vrecica,,2.15,17.92,8000500187494,Hrana,2.15
"Kinder mini èokolada, 120g",6901349,0.12,120g,Vrecica,,2.15,17.92,8000500256213,Hrana,2.15
Tuš za oèi SK3 ,0120329,0.006,1komad,Pakovanje,Cien Beauty,2.35,2.35,20066475,Kozmetika,2.35
Tuš za oèi SK3 ,0120329,0.006,1komad,Pakovanje,Cien Beauty,2.35,2.35,20828646,Kozmetika,2.35
Šeæerna glazura SK2,0120622,0.125,125g,Vrecica,Belbake,0.99,7.92,20774912,Hrana,0.99
Gumeni bomboni,0120822,0.3,300g,Vrecica,Sweet Corner,1.61,5.37,4056489157366,Hrana,1.79
BO Lisnato s marelicom i ricottom,0120960,0.1,90g,Rasuto,,0.55,6.11,20786595,Hrana,0.55
Krem juha od rajèice,0121220,0.07,70g,Pakovanje,Kania,0.69,9.86,20800017,Hrana,0.69
BO Croissant s maslacem,0121471,0.057,57g,Rasuto,,0.59,10.35,20805692,Hrana,0.59
Sladoled štapiæ bijela èok.-badem,0121510,0.504,6x120ml,Kart. na prekl.,Bon Gelati,5.49,7.63,4056489375081,Hrana,5.49
Kobasica SK2,0121534,0.168,"150g,180g",Vakumir. pakov.,Grillmeister,1.49,8.28,20668655,Hrana,1.49
Kobasica SK2,0121534,0.168,"150g,180g",Vakumir. pakov.,Grillmeister,1.49,8.28,20805371,Hrana,1.49
Spring rolls SK3 ,0179946,0.4,400g,Kart. na prekl.,Vitasia,2.99,7.48,4056489957812,Hrana,2.99
Spring rolls SK3 ,0179946,0.4,400g,Kart. na prekl.,Vitasia,2.99,7.48,4056489957829,Hrana,2.99
Mix za kolaèe SK1,0180333,0.293,"285g,300g",Kart. na prekl.,Belbake,2.09,7.33,4056489708698,Hrana,2.09
Tvrdi bomboni SK1,0180452,0.095,"80g, 100g",Vrecica,Amanie,1.09,10.9,4056489713340,Hrana,1.09
Tvrdi bomboni SK1,0180452,0.095,"80g, 100g",Vrecica,Amanie,1.09,10.9,4056489713364,Hrana,1.09
"Ulošci s Aloe Vera, SK1",0180483,0.167,"20komad,24komad,28komad",Pakovanje,Siempre,2.09,0.07,4056489713586,Proizvodi za kuæanstvo,2.09
Hrana za maèke XXL SK2,0180681,2.4,24x100g,Kart. na prekl.,Coshida,6.99,2.91,20262679,Proizvodi za kuæanstvo,6.99
Univerzalno sred. za èišæenje SK1,0182565,1,1l,PET-Boca,W5,1.69,1.69,4056489733942,Sredstva za èišæenje,1.69
Q10 + Vitamin C Dnevna krema SK1,0182905,0.049,50ml,Kozm.posudica,Cien,2.89,57.8,4056489638728,Kozmetika,2.89
Mentol bomboni bez šeæera,0183259,0.25,250g,Vrecica,Amanie,1.99,7.96,4056489753643,Hrana,1.99
Easy snack XXL SK1,0183860,0.725,"700g,750g",Pakovanje,Culinea,6.99,9.99,4056489754978,Hrana,6.99
BO Mini baguette,0184003,0.09,80g,Rasuto,,0.59,7.38,4056489758815,Hrana,0.59
Vodeni sladoled od lubenice,0184126,0.335,5x73ml,Kart. na prekl.,Gelatelli,1.99,5.45,4056489762317,Hrana,1.99
Proteinska èok. bez dodanog šeæera,0184204,0.09,90g,Tabla,Fin Carré,2.79,31,4056489762720,Hrana,2.79
Èokoladni napitak u prahu SK4,0184572,0.25,250g,Pakovanje,Deluxe,6.69,26.76,20526085,Hrana,6.69
Èokoladni napitak u prahu SK4,0184572,0.25,250g,Pakovanje,Deluxe,6.69,26.76,4056489764632,Hrana,6.69
Tuna u suncokretovom ulju XXL,0184669,0.75,750g,Limenka,Sol&Mar,7.99,10.65,4056489789277,Hrana,7.99
Kapsule za kavu karamela,0185266,0.058,58g,Kart. na prekl.,Bellarom,2.29,39.48,4056489787044,Piæe,2.29
Sladoled kakao,0185719,1.25,2500ml,Plitica,Bon Gelati,4.75,1.9,4056489788973,Hrana,4.75
Zaèinjene tagliatelle SK10,0186184,0.5,500g,Vrecica,Deluxe,1.89,3.78,4056489798316,Hrana,1.89
Zaèinjene tagliatelle SK10,0186184,0.5,500g,Vrecica,Deluxe,1.89,3.78,4056489798323,Hrana,1.89
Kava Royal RFA 100% Robusta,0186195,0.2,200g,Staklo,Bellarom,6.19,30.95,4056489798354,Piæe,6.99
Tekuæi sapun za ruke antibakt. SK1,0166335,1.044,1l,Vrecica,Cien,1.99,1.99,4056489345329,Kozmetika,1.99
Muffini punjeni SK3,0166431,0.368,"360g,375g",Pakovanje,MCENNEDY,2.89,7.71,4056489416449,Hrana,2.89
Super alkalne baterije AAA,0167081,0.24,20komad,Kart. na prekl.,Tronic,2.99,0.15,4056489495697,Proizvodi za kuæanstvo,2.99
Hummus XXL SK1,0167094,0.3,300g,Posudica,Chef Select,1.39,4.63,4056489447191,Hrana,1.39
Hummus XXL SK1,0167094,0.3,300g,Posudica,Chef Select,1.39,4.63,4056489447207,Hrana,1.39
Juha na talijanski naèin SK2,0167235,0.4,400ml,Limenka,Italiamo,1.39,3.48,20450212,Hrana,1.39
Tekuæi deterdžent (F) 30 pranja SK1,0167396,1.521,"1,5l",PET-Boca,Formil,3.59,2.39,4056489497189,Sredstva za èišæenje,3.59
Lagani snackovi SK8,0168202,0.25,250g,Pakovanje,Culinea,2.79,11.16,20644376,Hrana,2.79
Jogurt SK17,0168449,0.175,175g,Posudica,Milbona,0.89,5.09,4056489404989,Hrana,0.89
Krema za ruke SK7,0168553,0.101,100ml,Tuba,Cien,1.04,10.4,4056489526742,Kozmetika,1.15
Krema za ruke SK7,0168553,0.101,100ml,Tuba,Cien,1.04,10.4,4335619092174,Kozmetika,1.15
Claudel/Istara Sirni specijaliteti,0130333,0.195,"150g,200g,220g",Pakovanje,,2.99,13.59,20611194,Hrana,2.99
Claudel/Istara Sirni specijaliteti,0130333,0.195,"150g,200g,220g",Pakovanje,,2.99,14.95,3023260030720,Hrana,2.99
Claudel/Istara Sirni specijaliteti,0130333,0.195,"150g,200g,220g",Pakovanje,,2.99,14.95,3228021150185,Hrana,2.99
Kobasica za peèenje XXL,0130421,1.08,12x90g,Vakumir. pakov.,Dulano,8.49,7.86,4335619014671,Hrana,8.49
Grickalice za pse SK1,0130809,0.16,"100g,150g,200g",Vrecica,Orlando,0.89,8.9,20971595,Proizvodi za kuæanstvo,0.89
Grickalice za pse SK1,0130809,0.16,"100g,150g,200g",Vrecica,Orlando,0.89,8.9,20971601,Proizvodi za kuæanstvo,0.89
Grickalice za pse SK1,0130809,0.16,"100g,150g,200g",Vrecica,Orlando,0.89,5.93,20971601,Proizvodi za kuæanstvo,0.89
Èetka za kosu,0426577,0.102,1ST,Pakovanje,,1,1,4058143058101,Kozmetika,1
Èetka za kosu,0426577,0.102,1ST,Pakovanje,,1,1,4058143058125,Kozmetika,1
Èetka za uvijanje kose,0435627,0.23,1ST,Pakovanje,Silvercrest Personal Care,5,5,4335633004160,Kozmetika,5
'z bregov Protein. napit. èok. ban.,6903399,0.529,"0,5l",PET-Boca,,2.52,5.04,3850108023718,Hrana,2.52
Podravka Sjeckana rajèica,6903509,0.39,390g,Pakovanje,,1.99,5.1,3850104220616,Hrana,1.99
Multivita Direct SK5,6903521,0.03,"30g,37,5g",Sortirano,,4.59,4.59,3858881248052,Hrana,4.59
Duracell Basic K5 SK2,6903598,0.095,5komad,Pakovanje,,6.49,1.3,5000394160651,Proizvodi za kuæanstvo,6.49
Duracell Basic K5 SK2,6903598,0.095,5komad,Pakovanje,,6.49,1.3,5000394160682,Proizvodi za kuæanstvo,6.49
"BO Meksièka rolica, 110g",6903630,0.11,110g,Rasuto,,0.99,9,3858891073156,Hrana,0.99
Dukat kiselo vrhnje 12% m.m.,6903657,0.9,900g,Karton,,2.85,3.17,3850354009863,Hrana,2.85
Pringles Sour Cream Onion ,0001020,0.165,165g,Limenka,,3.49,21.15,5053990101597,Hrana,3.49
"Krem sladoled štapiæ, badem",0001035,0.504,6x120ml,Kart. na prekl.,Bon Gelati,4.99,6.93,20001308,Hrana,4.99
"Krem sladoled štapiæ, badem",0001035,0.504,6x120ml,Kart. na prekl.,Bon Gelati,4.99,6.93,4056489223368,Hrana,4.99
Èetka za kosu,0437870,0.078,1ST,Pakovanje,Cien BEAUTY,1,1,4335633005600,Kozmetika,1
Kozmetièko ogledalo s rasvjetom,0438002,0.28,1ST,Pakovanje,Cien BEAUTY,7,7,4334036092828,Kozmetika,7
Sanitas Set za manikuru - pedikuru,0417282,0.342,1ZSE,Pakovanje,,10,10,4211125585372,Kozmetika,10
"Mini tortilja wraps, 8x15 cm",0207141,0.22,220g,Pakovanje,El Tequito,0.99,4.5,4335619022386,Hrana,0.99
Mucho Mas crno vino,0207285,0.75,"0,75l",Boca,,4.99,6.65,8410702046992,Piæe,4.99
Kapsule za pranje rublja SK4,0207435,0.756,36x21g,Box,Formil,8.99,11.89,4335619023505,Sredstva za èišæenje,8.99
Grill umak SK2,0207925,0.265,240ml,Boca,Deluxe,1.78,7.42,4335619031234,Hrana,1.78
"Sladoled praline, višnja",0208267,0.42,6x84ml,Kart. na prekl.,Gelatelli,3.99,7.92,4335619032958,Hrana,3.99
Djeèje pelene XL,0208363,2.05,64komad,Pakovanje,Lupilu,9.49,0.15,4335619036284,Proizvodi za kuæanstvo,9.49
"Trajno mlijeko bez laktoze 2,8%m.m",0208604,1.03,1l,Pakovanje,Pilos,1.49,1.49,4335619037380,Hrana,Nije_bilo_u_prodaji_02.05.2025
Èokolada punjena alkoholom SK1,0208695,0.1,100g,Tabla,Duc de Coeur,1.35,13.5,4335619040908,Hrana,1.35
Èokolada punjena alkoholom SK1,0208695,0.1,100g,Tabla,Duc de Coeur,1.35,13.5,4335619040915,Hrana,1.35
Morska sol jodirana,0208836,0.11,110g,Staklo,Kania,1.79,16.27,4335619044326,Hrana,1.79
"""N"" WC osvježivaè 4x40g SK1",0209303,0.16,4x40g,Pakovanje,,0.99,6.19,4056489882770,Sredstva za èišæenje,0.99
XXL Maslac od kikirikija SK1,0210066,1,1kg,Kanta,Maribel,5.39,5.39,4335619047433,Hrana,5.39
Gel za tuširanje 3u1,0210659,0.4,400ml,PET-Boca,Cien MEN,1.29,3.23,4335619058491,Kozmetika,1.29
Gel za tuširanje 3u1,0210659,0.4,400ml,PET-Boca,Cien MEN,1.29,3.23,4335619058507,Kozmetika,1.29
Njega lica SK1,0210714,0.118,"125ml,30ml,50ml",Sortirano,Cien,2.09,41.8,4335619061750,Kozmetika,2.09
Dagnje na buzaru,0211237,0.25,250g,Kart. na prekl.,NOSTJA,2.29,9.16,4335619063433,Hrana,2.29
Hrskave žitarice XXL,0211392,1.5,"1,5kg",Kart. na prekl.,Crownfield,5.79,3.86,4335619063457,Hrana,5.79
Koktel 15% SK2,0211643,0.683,"0,7l",Boca,,5.49,7.84,4304493270886,Piæe,5.49
Premium pizza SK1,0211831,0.42,"430g,427g,403g",Kart. na prekl.,Deluxe,3.72,8.65,4335619069848,Hrana,3.72
Premium pizza SK1,0211831,0.42,"430g,427g,403g",Kart. na prekl.,Deluxe,3.72,9.23,4335619069855,Hrana,3.72
Premium pizza SK1,0211831,0.42,"430g,427g,403g",Kart. na prekl.,Deluxe,3.72,8.71,4335619069855,Hrana,3.72
Papar u mlincu SK2,0212395,0.087,"90g,85g",Staklo,Deluxe,3.52,39.11,4335619266162,Hrana,3.52
Salama s parmezanom SK1,0213334,0.06,60g,Atmos-Pakiranje,Deluxe,1.79,29.83,4335619083233,Hrana,1.79
Pileæe punjene okruglice SK1,0213662,0.28,280g,Atmos-Pakiranje,1001 delights,3.05,10.89,4335619084216,Hrana,3.05
Premium voæni namaz SK2,0214377,0.42,420g,Staklo,Maribel,2.79,6.64,4056489955160,Hrana,2.79
Gnijezda od špageta SK1,0214890,0.25,250g,Pakovanje,Deluxe,1.59,6.36,4335619092891,Hrana,1.59
Špageti/Tagliatelle SK1,0215160,0.5,500g,Vrecica,Deluxe,2.29,4.58,4335619100350,Hrana,2.29
Veganski namaz SK1,0215252,0.15,150g,Posudica,Vemondo,1.79,11.93,4335619100978,Hrana,1.79
BO Ciabatta s maslinovim uljem,0215253,0.3,300g,Vrecica,,2.49,8.3,8424465883749,Hrana,2.49
Tortilla èips XXL SK3,0215815,0.375,375g,Vrecica,Snack Day,1.79,4.77,4335619091788,Hrana,1.79
Bio bezglutenski bageti SK4,0215912,0.18,180g,Vrecica,Tastino,2.59,14.39,4056489472582,Hrana,2.59
Štapiæi za dentalnu njegu pasa SK1,0216941,0.27,270g,Vrecica,Orlando,1.49,5.52,4056489069652,Proizvodi za kuæanstvo,1.49
Proteini.si Protein bar Spec. Edi.,6908239,0.05,50g,Pakovanje,,1.15,23,3830081429813,Hrana,1.15
Voal Šampon za pranje kose Kopriva,6908246,1.01,1l,Pakovanje,,1.09,1.09,3858890127812,Kozmetika,1.09
Grah šareni,6908282,0.8,800g,Vrecica,Campo Largo,2.79,3.49,4056489925965,Hrana,2.79
Festigia Malvazija,6908290,0.75,"0,75l",Boca,,13.95,18.6,3858881191914,Piæe,13.95
Dipterol Family Losion,6908291,0.2,200ml,Pakovanje,,7.99,39.95,3856007911699,Proizvodi za kuæanstvo,7.99
Koestlin Èajno pecivo žit. & brus.,6908294,0.16,160g,Pakovanje,,1.49,9.31,3856014113604,Hrana,1.29
Tata Mata Pileæa hrenovka,6908331,0.5,500g,Vakumir. pakov.,,1.99,3.98,3858890933161,Hrana,1.99
Ricola SK1,6908383,0.04,40g,Pakovanje,,1.59,1.59,7610700923061,Hrana,1.59
Kutjevo Traminac,6908435,0.75,"0,75l",Boca,,7.99,10.65,3850156001041,Piæe,7.99
Jana Ledeni èaj limun,6908441,1.527,"1,5l",PET-Boca,,1.45,0.97,3856028500223,Piæe,1.45
Thomas Henry Tonic Water,6908461,0.75,"0,75l",Boca,,3.99,5.32,4251760802526,Piæe,3.99
Ledo Kozice u hrskavoj panadi,6908492,0.25,250g,Pakovanje,,4.79,19.16,3850116063805,Hrana,4.79
"Janjetina bez glave, cca 2,2 kg",6908518,1,"ca. 2,2kg",Atmos-Pakiranje,,11.79,11.79,2894310000000,Hrana,10.99
"Podravka Èajna kobasica, nar. XXL",6908523,0.3,300g,Atmos-Pakiranje,,5.99,19.97,3856020261870,Hrana,5.99
"Podravka Panonska kob, narezak XXL",6908525,0.3,300g,Atmos-Pakiranje,,5.99,19.97,3856020272463,Hrana,5.99
Losion za tijelo SK7,0098716,0.412,400ml,PET-Boca,Cien,2.39,5.98,20516451,Kozmetika,2.39
Losion za tijelo SK7,0098716,0.412,400ml,PET-Boca,Cien,2.39,5.98,4335619081031,Kozmetika,2.39
Maska za lice 2x8ml SK2,0098722,0.017,1komad,Pakovanje,Cien,0.59,0.59,20516536,Kozmetika,0.59
Namaz od lješnjaka bez laktoze,0098756,0.4,400g,Staklo,Vemondo,2.29,5.73,20562663,Hrana,2.29
Mini salama,0098848,0.05,2x25g,Atmos-Pakiranje,Dulano,1.39,27.8,20565732,Hrana,1.39
BB Krema za lice SK5,0098901,0.052,50ml,Kart. na prekl.,Cien,2.64,52.8,20561796,Kozmetika,2.69
Friskies hrana za pse govedina,0000509,10,10kg,Vrecica,Nestlé,27.99,2.8,7613031395484,Proizvodi za kuæanstvo,27.99
Gillette Gel za brijanje SK,0000533,0.237,240ml,Sprühdose,,5.29,22.04,7702018982011,Kozmetika,5.29
Always Ultra Quattro ulošci SK,0000536,0.165,"40komad,24komad,28komad,20komad",Pakovanje,,4.99,0.21,4015400489764,Proizvodi za kuæanstvo,4.99
Always Dailies Dnevni ulošci SK,0000537,0.123,"52komad,44komad,58komad",Pakovanje,,2.99,0.05,4015400563846,Proizvodi za kuæanstvo,2.99
Always Dailies Dnevni ulošci SK,0000537,0.123,"52komad,44komad,58komad",Pakovanje,,2.99,0.06,8006540791394,Proizvodi za kuæanstvo,2.99
Naturella Ultra ulošci SK,0000538,0.148,"40komad,32komad,28komad",Pakovanje,,4.79,0.15,8006540399521,Proizvodi za kuæanstvo,4.79
Naturella Ultra ulošci SK,0000538,0.148,"40komad,32komad,28komad",Pakovanje,,4.79,0.12,8006540399569,Proizvodi za kuæanstvo,4.79
Jar det. za pr. posuða Extra+limun,0000539,0.667,650ml,Boca,,3.99,6.14,8006540355381,Sredstva za èišæenje,3.99
Syoss šampon Keratin,0000582,0.77,750ml,PET-Boca,Henkel,6.45,8.6,5201143725606,Kozmetika,6.45
Èipi Èips SK1,0000629,0.195,"190g,200g",Vrecica,,2.99,15.74,3856021300646,Hrana,2.99
Persil Prašak za pranje rublja Sil.,0000630,6.05,"6,05kg",Nosivo pak.,Henkel,23.99,23.99,9000101565775,Sredstva za èišæenje,23.99
Ariel kapsule Ultra Stain Release,0000671,1.476,52kom,Pakovanje,,20.99,0.4,8001090804938,Sredstva za èišæenje,20.99
Persil Gel za pranje rublja Color,0000745,1.861,"1,8l",PET-Boca,Henkel,14.75,8.19,9000101566635,Sredstva za èišæenje,14.75
Perwoll tekuæi deterdž. Color 60pr,0000752,3.084,3l,PET-Boca,Henkel,11.49,3.83,9000101808568,Sredstva za èišæenje,11.49
Persil prašak za pranje rublja Exp.,0000754,3.96,"3,96kg",Karton,Henkel,18.99,4.8,9000101805932,Sredstva za èišæenje,18.99
Perwoll Tekuæi det. Color 40 pranja,0000760,2.056,2l,PET-Boca,,8.95,0.22,9000101810479,Sredstva za èišæenje,8.95
Perwoll Tekuæi det. Black 40 pranja,0000761,2.058,2l,PET-Boca,,8.95,0.22,9000101808445,Sredstva za èišæenje,8.95
Kellogg’s Granola Crunchy Nut Car.,0000827,0.38,380g,Vrecica,,2.99,7.87,5059319020396,Hrana,2.99
Mlijeèni desert SK21,0001004,0.515,900ml,Plitica,Bon Gelati,3.49,3.88,20106911,Hrana,3.49
Mlijeèni desert SK21,0001004,0.515,900ml,Plitica,Bon Gelati,3.49,3.88,20180188,Hrana,3.49
Mlijeèni desert SK21,0001004,0.515,900ml,Plitica,Bon Gelati,3.49,3.88,20180195,Hrana,3.49
"Filet lososa s kožom, cca. 200-400g",0124551,1,ca. 200-400g,Pakovanje,-,19.99,19.99,2895632000000,Hrana,19.99
"Cimet, mljeveni 45g",0125217,0.045,45g,Staklo,Kania,0.99,0.99,4056489411857,Hrana,0.99
Namaz od lješnjaka,0125477,0.4,400g,Staklo,Italiamo,2.99,7.48,20871765,Hrana,2.99
Èips SK1,0125537,0.2,200g,Vrecica,Eridanous,1.59,7.95,20871833,Hrana,1.59
Mini Mozzarella (OGT) SK5,0125645,0.125,125g,Posudica,Milbona,1.39,11.12,4056489847298,Hrana,1.39
Rumenilo SK5,0126194,0.005,1komad,Pakovanje,Cien,2.39,2.39,20030711,Kozmetika,2.39
"Ukrasi za lice, kosu i nokte",0458590,0.023,1ST,Pakovanje,Cien BEAUTY,0.5,0.5,4335747045608,Kozmetika,0.5
"Ukrasi za lice, kosu i nokte",0458590,0.023,1ST,Pakovanje,Cien BEAUTY,0.5,0.5,4335747045721,Kozmetika,0.5
Ureðaj za uklanjanje dlaèica,0458591,0.063,1ST,Pakovanje,Silvercrest Personal Care,3,3,4335747045752,Kozmetika,3
Mesne okruglice orijentalne SK1,0195122,0.28,280g,Atmos-Pakiranje,1001 delights,2.79,9.96,4056489904946,Hrana,2.79
Mini sir SK1,0195563,0.12,120g,Pakovanje,Milbona,2.79,23.25,4056489883371,Hrana,2.79
Proteinski namaz SK1,0196240,0.32,320g,Staklo,Mister Choc,3.99,12.47,4056489917946,Hrana,3.99
Proteinski namaz SK1,0196240,0.32,320g,Staklo,Mister Choc,3.99,12.47,4056489917953,Hrana,3.99
Voæni namazi SK1,0196245,0.26,260g,Staklo,Vitasia,1.89,7.27,4056489917984,Hrana,1.99
Miso juha,0196498,0.2,200g,Posudica,Vitasia,2.49,12.45,4056489918868,Hrana,2.49
Proteinsko pecivo,0196630,0.3,300g,Pakovanje,Tastino,1.99,6.63,4056489919537,Hrana,1.99
Milch-Schnitte 5er breskva,0198857,0.14,140g,Pakovanje,,1.99,14.21,80883869,Hrana,1.99
Japanski soja umak,0199577,0.152,150ml,Boca,Vitasia,1.19,7.93,4056489947271,Hrana,1.19
Premium pelene mini vel. 2,0199589,0.87,44komad,Pakovanje,Lupilu,4.89,0.11,4056489947356,Proizvodi za kuæanstvo,4.89
Namaz od avokada SK1,0201024,0.15,150g,Posudica,Chef Select,2.19,14.6,4056489962991,Hrana,2.19
Tablete za perilicu posuða 100x10g,0201089,1,100x10g,Pakovanje,W5,6.99,6.99,4056489972587,Sredstva za èišæenje,6.99
Prosecco Frizzante,0201105,0.2,"0,2l",Boca,Allini,1.99,9.95,4056489927747,Piæe,1.99
Panko krušne mrvice,0201170,0.2,200g,Vrecica,Vitasia,1.49,7.45,4056489973096,Hrana,1.49
Hrana za maèke 4x100g SK3,0202903,0.4,4x100g,Pakovanje,Coshida,1.59,3.98,4056489694502,Proizvodi za kuæanstvo,1.59
Hrana za maèke 4x100g SK3,0202903,0.4,4x100g,Pakovanje,Coshida,1.59,3.98,4056489694519,Proizvodi za kuæanstvo,1.59
Double sladoled na štapiæu SK16,0203637,0.288,"4x85ml,4x90ml",Kart. na prekl.,Gelatelli,4.49,13.21,4335619008984,Hrana,4.49
Double sladoled na štapiæu SK16,0203637,0.288,"4x85ml,4x90ml",Kart. na prekl.,Gelatelli,4.49,12.47,4335619008984,Hrana,4.49
Double sladoled na štapiæu SK16,0203637,0.288,"4x85ml,4x90ml",Kart. na prekl.,Gelatelli,4.49,13.21,4335619008991,Hrana,4.49
Nadopuna za tekuæi sapun SK1,0203827,1.25,"1,25l",Samost.vreca,Cien,1.69,1.35,4056489624325,Kozmetika,1.69
"Mars,Snickers,Twix,Bou.Minis SK2",0203889,0.275,275g,Vrecica,,3.59,13.05,5000159561464,Hrana,3.59
"Svijetlo pivo 4,8%",0204104,0.5,"0,5l",Boca,Perlenbacher,0.99,1.98,4304493269651,Piæe,0.99
"Kozmetièke maramice Aloe Vera,3-sl.",0204181,0.231,120komad,Pakovanje,Cien,1.35,0.01,4335619010390,Proizvodi za kuæanstvo,1.35
Smrznuto voæe XXL SK7,0205394,0.925,"1000g,750g",Vrecica,Freshona,4.49,5.99,20535193,Hrana,4.49
XXL Zaèin za salatu u limenci SK1,0205405,0.154,"140g,155g,160g,165g",Limenka,Kania,2.99,18.69,4335619015210,Hrana,2.99
XXL Zaèin za salatu u limenci SK1,0205405,0.154,"140g,155g,160g,165g",Limenka,Kania,2.99,21.36,4335619015234,Hrana,2.99
Sladoledne praline u èaši SK1,0205438,0.156,12x13g,Posudica,Gelatelli,3.19,20.45,4335619015395,Hrana,3.19
Kinder Mini èokoladna jaja,0205948,0.085,85g,Vrecica,,2.69,31.65,8000500392119,Hrana,2.69
Pro Vitamin Šampon SK5,0206646,0.413,400ml,PET-Boca,Cien,1.99,4.98,4056489994138,Kozmetika,1.99
Šampon za kosu SK3,0206652,0.412,400ml,PET-Boca,Cien,1.99,4.98,4056489994268,Kozmetika,1.99
Green Story Namaz od povræa SK1,5549128,0.18,180g,Staklo,,1.69,9.39,5900012012433,Hrana,1.69
Gotovo jelo SK2,5555400,0.4,400g,Atmos-Posudica,Kuljanka,2.19,5.48,4056489784708,Hrana,2.19
Omekšivaè Premium 46pr. SK1,5559936,1,"1,012l",PET-Boca,Doussy,1.99,1.97,4056489880240,Sredstva za èišæenje,1.99
Voæni mousse XXL SK6,5564232,0.2,200g,Vrecica,Freshona,0.99,4.95,4056489584438,Hrana,0.99
Gel za tuširanje XXL SK1,5565737,1,1000ml,Pakovanje,Cien,1.99,1.99,4335619035041,Kozmetika,1.99
Èaj u vreæici SK2,5566453,0.076,"40x1,7g,40x2g",Limenka,Deluxe,2.59,38.09,20690793,Piæe,2.59
Deterdžent za pranje posuða SK1,5567826,1.03,1l,PET-Boca,W5,1.29,1.29,4335619094215,Sredstva za èišæenje,1.29
Krem sapun SK1,5568858,0.15,150g,Pakovanje,Cien,0.79,5.27,4335619189546,Kozmetika,Nije_bilo_u_prodaji_02.05.2025
Mirisne luèice SK8 ,5569779,0.214,18komad,Pakovanje,-,1.59,0.09,4335619141384,Proizvodi za kuæanstvo,1.59
Sušene marelice,5602246,0.2,200g,Vrecica,Alesto,2.09,10.45,20534455,Hrana,2.09
Uvijaè za kosu,0458333,0.191,1ST,Pakovanje,Silvercrest Personal Care,5,5,4335747008757,Kozmetika,5
Pribor za manikuru-pedikuru,0444728,0.04,1ST,Pakovanje,Cien BEAUTY,0.5,0.5,4335747006777,Kozmetika,0.5
Sušilo za kosu,0444847,0.492,1ST,Pakovanje,Silvercrest Personal Care,5,5,4335747079825,Kozmetika,5
Pribor za kozmetiku i manikuru,0444866,0.034,1ST,Pakovanje,Cien BEAUTY,1,1,4335633058156,Kozmetika,1
Èetka za uvijanje kose,0444875,0.726,1ST,Pakovanje,Silvercrest Personal Care,10,10,4335747069017,Kozmetika,10
Èetka za kosu,0444892,0.093,1ST,Pakovanje,Cien BEAUTY,1,1,4335633058316,Kozmetika,1
Aparat za šišanje,0444895,0.408,1ST,Pakovanje,Silvercrest Personal Care,3,3,4335747038037,Kozmetika,3
Umak za salatu sort. SK3,0013078,0.315,300ml,Boca,McEnnedy,1.69,5.63,20148683,Hrana,1.69
Umak za salatu sort. SK3,0013078,0.315,300ml,Boca,McEnnedy,1.69,5.63,20148706,Hrana,1.69
Pjena za održavanje guma,0013079,0.42,600ml,Limenka,W5,2.49,4.15,20068264,Sredstva za èišæenje,2.49
Vlažne maramice za kožne površine,0013137,0.178,25komad,Pakovanje,W5,1.49,0.06,4056489286776,Proizvodi za kuæanstvo,1.49
Liker od višanja 20% Vol.,0013239,0.552,"0,5l",Boca,-,4.69,9.38,4304493262287,Piæe,4.69
Kozmetièko ogledalo,0467761,0.751,1ST,Pakovanje,Cien BEAUTY,5,5,4335753099343,Kozmetika,5
Aparat za šišanje,0477631,0.222,1ST,Pakovanje,Silvercrest Personal Care,7,7,4052916110362,Kozmetika,7
Set za manikuru-pedikuru,0452787,0.287,1ST,Pakovanje,Silvercrest Personal Care,10,10,4335753094393,Kozmetika,10
LED Kozmetièko ogledalo,0452798,0.6,1ST,Pakovanje,Cien BEAUTY,7,7,4335753095321,Kozmetika,7
Rašpica za nokte,0452800,0.023,1ST,Pakovanje,Cien BEAUTY,0.5,0.5,4335754041723,Kozmetika,0.5
Rašpica za nokte,0452800,0.023,1ST,Pakovanje,Cien BEAUTY,0.5,0.5,4335754041747,Kozmetika,0.5
Pribor za manikuru-pedikuru,0452802,0.035,1ST,Pakovanje,Cien BEAUTY,1,1,4335754012020,Kozmetika,1
Pribor za manikuru-pedikuru,0452802,0.035,1ST,Pakovanje,Cien BEAUTY,1,1,4335754012068,Kozmetika,1
Pribor za manikuru-pedikuru,0452802,0.035,1ST,Pakovanje,Cien BEAUTY,1,1,4335754012075,Kozmetika,1
Set kozmetièkih kistova,0452812,0.057,1ST,Pakovanje,Cien BEAUTY,1,1,4335753096670,Kozmetika,1
Sušilo za kosu,0452816,0.687,1ST,Pakovanje,Silvercrest Personal Care,7,7,4335753097127,Kozmetika,7
"Kozmetièki kistovi, 14 dijelova",0460315,0.164,1ST,Pakovanje,Cien BEAUTY,5,5,4052916100080,Kozmetika,5
Škare za kosu- britvica,0460331,0.065,1ST,Pakovanje,,3,3,4052916105900,Kozmetika,3
Škare za kosu- britvica,0460331,0.065,1ST,Pakovanje,,3,3,4052916105917,Kozmetika,3
Uvijaè za kosu,0460373,0.395,1ST,Pakovanje,Silvercrest Personal Care,10,10,4052916101285,Kozmetika,10
Èetka za uvijanje kose,0460375,0.483,1ST,Pakovanje,Silvercrest Personal Care,7,7,4052916101490,Kozmetika,7
Aquafresh djeèja pasta za zube SK2,6903927,0.05,50ml,Tuba,,2.59,51.8,3830029292202,Kozmetika,2.59
Eva Tuna salata Mexicana,6903964,0.16,160g,Limenka,,1.99,12.44,3856020218126,Hrana,1.99
Kinder Bueno 6komada,6904071,0.129,129g,Pakovanje,,2.99,23.18,4008400322728,Hrana,2.99
"Kiseli kupus glavica, cca. 1kg",6904118,1,ca 1kg,Vakumir. pakov.,Okusi zavièaja,1.79,1.79,2143900012723,Hrana,1.79
The Natural Krema za lice SK1,6904123,0.05,50ml,Pakovanje,,5.19,103.8,3859893507144,Kozmetika,5.19
The Natural Krema za lice SK1,6904123,0.05,50ml,Pakovanje,,5.19,103.8,3859893507182,Kozmetika,5.19
Omekšivaè 80 pranja SK6,0170888,1.998,2l,PET-Boca,Doussy,2.99,1.5,4056489559252,Sredstva za èišæenje,2.99
Hummus [FK] SK3,0171646,0.22,220g,Plitica,Chef Select,1.99,9.05,4056489459514,Hrana,1.99
Tablete za perilicu posuða,0172345,1.525,"100x15,25g",Pakovanje,W5,8.99,5.9,4056489580201,Sredstva za èišæenje,8.99
Tek. det. za pranje osj. rublja SK7,0172545,1.521,"1,5l",PET-Boca,Formil,3.75,2.5,4056489441700,Sredstva za èišæenje,3.75
Smrznuta limeta,0172631,0.4,400g,Vrecica,Freshona,2.49,6.23,4056489587194,Hrana,2.49
Orijentalni èaj SK1,0173294,0.057,"25x2g,25x2,5g",Kart. na prekl.,1001 delights,1.69,27.04,4056489596738,Piæe,1.69
Desert u èaši SK2,7406713,0.12,2x60g,Staklo,Deluxe,2.79,23.25,4056489491606,Hrana,2.79
"Ardenska kobasica, narezak",7407831,1,ca. 160g,Atmos-Posudica,,16.19,16.19,2894960000000,Hrana,16.19
"Toaletni papir, 2sl., parfumirani",7500308,0.609,8komad,Pakovanje,Floralys,2.39,0.3,8584014814034,Proizvodi za kuæanstvo,2.39
Okruglice sa sirom i borovnicama,7502902,0.5,500g,Vrecica,Kuljanka,2.29,4.58,4056489332213,Hrana,2.29
Namaz od povræa SK1,7503072,0.115,115g,Plitica,Vemondo,1.09,9.48,4056489332176,Hrana,1.09
Tofu BIO SK5,7503820,0.18,180g,Pakovanje,Vemondo,1.19,6.61,4056489068198,Hrana,1.19
"Jumbo prženi, neljušteni kikiriki",7509703,0.5,500g,Pakovanje,Alesto,2.29,4.58,4056489854449,Hrana,2.29
Prutiæi od svježeg sira,7600000,0.04,40g,Pakovanje,Pilos,0.59,0.59,20720261,Hrana,0.59
Sirna ploèica,7606090,0.04,40g,Pakovanje,Pilos,0.59,14.75,4056489328032,Hrana,0.59
Viljamovka 40% Vol.,7700911,0.667,"0,7l",Boca,Zünftler,12.49,17.84,4304493258259,Piæe,12.49
Tortelloni/Njoki od krumpira SK7,7701351,0.348,"250g,500g",Pakovanje,Combino,0.95,1.9,20830977,Hrana,1.19
Tortelloni/Njoki od krumpira SK7,7701351,0.348,"250g,500g",Pakovanje,Combino,0.95,1.9,20830984,Hrana,1.19
"Marin. BBQ steak,b.k. s.k.,cca.500g",6904672,1,ca. 500g,Atmos-Pakiranje,Naša mesnica,5.79,5.79,2836091000000,Hrana,6.99
Bijelo-mlijeèna èokolada s rižom,6904688,0.2,200g,Tabla,Fin Carré,3.79,18.95,4056489075332,Hrana,3.79
Sirup limun-bazga,6904695,1.12,1l,PET-Boca,Solevita,2.19,2.19,4304493259355,Piæe,2.19
Sirup malina,6904699,1.12,1l,PET-Boca,Solevita,2.19,2.19,4304493259393,Piæe,2.19
BO Pizza trokut sir-šunka,6904765,0.15,150g,Rasuto,,1.39,9.27,5999006980612,Hrana,1.39
Pavloviæeva mast,6904773,0.1,100ml,Kart. na prekl.,,6.75,67.5,8600101567468,Kozmetika,6.75
Šampon Kamilica,6904775,1.032,1l,PET-Boca,-,0.42,0.42,4056489074571,Kozmetika,0.85
Hig. štapiæi za uši papirnati ,6904782,0.11,300komad,Pakovanje,Cien,1.05,0,4056489075172,Proizvodi za kuæanstvo,1.05
"Kefir 3,5% XXL",6904860,1.5,"1,5kg",PET-Boca,Pilos,1.89,1.26,4304493260177,Hrana,1.89
"Pivac Dimljene sv. kosti cca 1,2kg",6908922,1,1kg,Vakumir. pakov.,,2.79,2.79,2137835000000,Hrana,2.79
Pivac Dimljena Špic rebra cca. 800g,6908923,1,1kg,Vakumir. pakov.,,5.69,5.69,2102186000000,Hrana,5.69
Rebel Natural Protein Whey SK1,6908928,0.7,700g,Vrecica,,21.99,31.41,0634158791109,Hrana,21.99
BO Nutella Muffin 2kom.,6908933,0.172,172g,Pakovanje,,3.89,22.62,8000500392935,Hrana,3.89
"Teleæa koljenica, cca. 900g",6908937,1,ca. 900g,Atmos-Pakiranje,-,10.49,10.49,2809071000000,Hrana,10.49
Dekorativna/Saten mašna SK1,6908954,0.001,1komad,Pakovanje,,1.69,1.69,3856023024984,Proizvodi za kuæanstvo,1.69
Dekorativna/Saten mašna SK1,6908954,0.001,1komad,Pakovanje,,1.69,1.69,3856023025004,Proizvodi za kuæanstvo,1.69
Moj kruh Baguette bijeli kruh,6908969,0.26,260g,Vrecica,,0.79,3.04,3859892992644,Hrana,0.79
BO Pontino špek-luk-sir,6908971,0.125,125g,Rasuto,,1.39,11.12,4053216140165,Hrana,1.39
Jameson Whiskey 40% + 2 èaše gratis,6908978,0.7,"0,7l",Boca,,21.49,30.7,5011007004446,Piæe,21.49
BO Lisnato orah-puding,6908991,0.09,90g,Rasuto,-,0.69,7.67,5999006914891,Hrana,Nije_bilo_u_prodaji_02.05.2025
"Jaja, razred M, 10kom.",6908999,0.058,10komad,Pakovanje,,2.29,0.23,4056489612476,Hrana,2.39
"Jaja, razred L, 10kom.",6909000,0.068,10komad,Pakovanje,,2.59,0.26,20156305,Hrana,2.59
"Jaja, razred L, 10kom.",6909000,0.068,10komad,Pakovanje,,2.59,0.26,3859889055765,Hrana,2.59
Rubel Det. za pranje rublja 120pr.,6909016,9,9kg,Pakovanje,,11.89,1.32,3850105187017,Sredstva za èišæenje,11.89
Violeta Omekšivaè Lux 62 pranja,6909038,1.55,"1,55l",Boca,,2.99,1.93,3870128035324,Sredstva za èišæenje,3.49
Badel Bajadera krem liker+Bajadera,6909042,0.787,1komad,Pakovanje,,24.99,24.99,3850112112538,Piæe,24.99
Dolcela Prašak za pecivo,6909088,0.096,8x12g,Vrecica,,0.69,7.19,3856020280116,Hrana,0.69
Talianetta tjestenina Milanese,6909093,0.155,155g,Vrecica,,1.49,9.61,3856020269340,Hrana,1.49
Zewa Deluxe toaletni papir Pure Wh.,6909166,1.5,16x150Blatt,Pakovanje,,4.99,0.31,7322540313321,Proizvodi za kuæanstvo,4.99
"The Garden Brewery Mango Sour 4,5%",6909168,0.334,"0,33l",Limenka,,1.29,3.91,3858893812890,Piæe,1.29
Kraš Domaæica keksi original,6909176,0.17,170g,Vrecica,,1.99,11.71,3850102014613,Hrana,1.99
Maasdamer polutvrdi sir cca. 300g,6909194,1,ca. 300g,Pakovanje,,7.69,7.69,2153407000000,Hrana,7.69
Maasdamer polutvrdi sir cca. 300g,6909194,1,ca. 300g,Pakovanje,,7.69,7.69,2153408000000,Hrana,7.69
Gouda listiæi,6909207,1,1kg,Atmos-Pakiranje,,7.99,7.99,8713734050747,Hrana,8.45
Raid Sprej protiv osa i stršljana,6909222,0.406,400ml,Limenka,,4.39,10.98,5000204252583,Proizvodi za kuæanstvo,4.39
Bebimil Hrana za dojenèad 4,6909237,0.5,500g,Kart. na prekl.,,8.49,16.98,9007253000017,Hrana,8.49
Lino Lada Duo èaša,6909238,0.2,200g,Staklo,,1.99,9.95,3850104019777,Hrana,Nije_bilo_u_prodaji_02.05.2025
Raid ljepljive trake protiv muha,6909244,0.054,4komad,Pakovanje,,2.75,2.75,4000290001608,Proizvodi za kuæanstvo,2.75
Ekos Proteinski brownie kolaè s lje,6909258,0.25,250g,Pakovanje,,3.99,15.96,3858889619564,Hrana,3.99
Umak soja ðumbir,7007644,0.25,250ml,Boca,Vitasia,2.49,9.96,4056489770831,Hrana,2.14
Šlag od zobenih pahuljica,7103752,0.255,250ml,Pakovanje,Vemondo,1.19,4.76,4056489597926,Hrana,1.19
Sok od rajèice 100%,5508353,1.2,1l,Pakovanje,Solevita,1.49,1.49,4335619142527,Piæe,1.49
Lak za nokte SK4,5508886,0.009,8ml,Pakovanje,Cien Beauty,1.19,1.19,5901801622673,Kozmetika,1.19
Lak za nokte SK4,5508886,0.009,8ml,Pakovanje,Cien Beauty,1.19,1.19,5901801622727,Kozmetika,1.19
Lak za nokte SK4,5508886,0.009,8ml,Pakovanje,Cien Beauty,1.19,1.19,5901801622765,Kozmetika,1.19
Lak za nokte SK4,5508886,0.009,8ml,Pakovanje,Cien Beauty,1.19,1.19,5901801661740,Kozmetika,1.19
Lak za nokte SK4,5508886,0.009,8ml,Pakovanje,Cien Beauty,1.19,1.19,5901801663690,Kozmetika,1.19
Lak za nokte SK4,5508886,0.009,8ml,Pakovanje,Cien Beauty,1.19,1.19,5901801663720,Kozmetika,1.19
Lak za nokte SK4,5508886,0.009,8ml,Pakovanje,Cien Beauty,1.19,1.19,5901801663775,Kozmetika,1.19
Lak za nokte SK4,5508886,0.009,8ml,Pakovanje,Cien Beauty,1.19,1.19,5901801663782,Kozmetika,1.19
Lak za nokte SK4,5508886,0.009,8ml,Pakovanje,Cien Beauty,1.19,1.19,5901801663799,Kozmetika,1.19
Lak za nokte Neon Splash SK4,5511556,0.008,8ml,Pakovanje,Cien Beauty,1.19,148.75,5901801662204,Kozmetika,1.19
Lak za nokte Neon Splash SK4,5511556,0.008,8ml,Pakovanje,Cien Beauty,1.19,148.75,5901801662310,Kozmetika,1.19
Hippis Bio Smoothie Pouch,6908597,0.12,120g,Vrecica,,1.39,11.58,4062300325111,Hrana,1.39
Corega tablete za èiš. zub. proteza,6908630,0.1,30komad,Pakovanje,,6.19,0.21,3830029293155,Kozmetika,6.19
Ekos Rogaè kolaè s jabukom,6908637,0.35,350g,Pakovanje,,5.29,15.11,3858889619267,Hrana,3.99
Ekos mini Zagrebaèke kremšnite,6908639,0.3,300g,Pakovanje,,2.89,9.63,3858889619229,Hrana,2.89
BO Raženi miješani kruh,6908661,0.5,500g,Rasuto,,1.59,3.18,3859894231024,Hrana,1.59
L'Angelica Gel za tuširanje SK4,6908755,0.5,500ml,PET-Boca,,2.99,5.98,8017331081778,Kozmetika,3.19
L'Angelica Gel za tuširanje SK3,6908759,0.5,500ml,PET-Boca,,2.99,5.98,8017331077122,Kozmetika,3.19
Palmolive Tekuæi sapun SK1,6908784,1.03,1000ml,Vrecica,,4.99,4.99,8714789992013,Kozmetika,4.99
Elmex Junior pasta za zube,6908786,0.091,75ml,Pakovanje,,3.65,48.67,8718951470583,Kozmetika,3.65
Colgate pasta za zube Max SK1,6908799,0.134,100ml,Pakovanje,,3.29,32.9,8718951312722,Kozmetika,3.29
Elmex pasta za zube SK1,6908804,0.091,75ml,Pakovanje,,4.15,55.33,8718951477575,Kozmetika,4.15
Cekin Sendviè narezak sa sirom,6908822,0.5,500g,Stanga,,2.89,5.78,3850159125072,Hrana,2.89
Vindon Deluxe pureæa šunka,6908824,0.1,100g,Atmos-Pakiranje,,2.59,25.9,3850159128813,Hrana,2.59
Proteini.si 100% Natural Whey,6908827,0.4,400g,Vrecica,,12.39,30.98,3830081425334,Hrana,12.39
Vranac,6908846,3,3l,Box,,4.99,1.66,3859894110381,Piæe,4.99
Tic Tac 100 komada SK1,6908888,0.054,54g,Pakovanje,,1.99,36.85,8000500166697,Hrana,1.99
Punjena tjestenina SK13,0217584,0.25,250g,Pakovanje,Deluxe,2.29,9.16,4056489291251,Hrana,2.29
Punjena tjestenina SK13,0217584,0.25,250g,Pakovanje,Deluxe,2.29,9.16,4056489291268,Hrana,2.29
Kotanyi zaèini SK71,0217856,0.038,"33g,35g,36g,48g",Staklo,,2.49,71.14,9001414041116,Hrana,2.49
Kotanyi zaèini SK71,0217856,0.038,"33g,35g,36g,48g",Staklo,,2.49,51.87,9001414041116,Hrana,2.49
Kotanyi zaèini SK71,0217856,0.038,"33g,35g,36g,48g",Staklo,,2.49,51.87,9001414041130,Hrana,2.49
Kotanyi zaèini SK71,0217856,0.038,"33g,35g,36g,48g",Staklo,,2.49,75.45,9001414204245,Hrana,2.49
Vafel rolice SK6,0218398,0.4,400g,Limenka,,3.29,8.23,4335619173217,Hrana,3.38
Mini donuts,0218769,0.276,276g,Kart. na prekl.,Let's have a party!,3.49,12.64,4056489569510,Hrana,3.49
Proteinski sladoledni kup SK2,0219400,0.29,500ml,Posudica,Gelatelli,2.91,5.82,4335619128859,Hrana,Nije_bilo_u_prodaji_02.05.2025
Proteinski sladoledni kup SK2,0219400,0.29,500ml,Posudica,Gelatelli,2.91,5.82,4335619173255,Hrana,Nije_bilo_u_prodaji_02.05.2025
Kapsule za kavu vanilija,0219422,0.054,54g,Kart. na prekl.,Bellarom,2.29,42.41,4335619128934,Piæe,1.92
Gumeni bomboni SK1,0219719,0.12,120g,Limenka,Optisana,3.59,29.92,4335619130395,Hrana,3.59
Èokoladni posip SK4,0220047,0.4,400g,Kart. na prekl.,Belbake,2.75,6.88,20056629,Hrana,2.75
Jermi Sir Old Amsterdam SK2,0220706,1,ca. 220g,Pakovanje,,24.99,24.99,2845900000000,Hrana,24.99
Španjolski zaèini SK1,0220802,0.062,"55g,75g",Limenka,Sol&Mar,2.19,29.2,4335619136946,Hrana,2.19
BO Croissant s maslacem,0221305,0.065,65g,Rasuto,,0.49,7.54,4053216054530,Hrana,0.49
Sladoled bez dodanog šeæera SK1,0221616,0.29,475ml,Posudica,Gelatelli,3.12,6.57,4335619150744,Hrana,3.12
Instant nudle Kimchi Raymun,0222221,0.12,120g,Vrecica,,1.79,14.92,8801043157742,Hrana,1.44
Kotanyi slatki zaèini SK72,0222573,0.065,"63g,65g,70g",Staklo,,2.49,35.57,9001414020456,Hrana,2.49
Kotanyi slatki zaèini SK72,0222573,0.065,"63g,65g,70g",Staklo,,2.49,35.57,9001414303382,Hrana,2.49
Bio voæni namaz SK1,0223332,0.24,240g,Staklo,Maribel,2.39,9.96,4335619167162,Hrana,2.39
Fajita Mix SK1,0224055,0.5,500g,Vrecica,El Tequito,3.49,6.98,4335619172135,Hrana,2.94
Premium sladoled SK122,0224338,0.517,1000ml,Plitica,Bon Gelati,3.99,3.99,4335619173286,Hrana,3.99
Èokoladni slani pereci SK4,0224583,0.14,140g,Pakovanje,Alpenfest,2.49,17.79,4335619175327,Hrana,1.99
GGN/MSC Sushi SK20,0228627,0.178,"168g,178,5g,185g",Pakovanje,select & go,3.79,21.23,4056489250173,Hrana,3.79
Mini Dubai èokoladne torte,0228842,0.18,2x90g,Kart. na prekl.,1001 delights,4.99,27.72,4335619222748,Hrana,4.99
Sushi SK2,0229316,0.195,"190g,200g",Pakovanje,select & go,3.79,18.95,4335619221604,Hrana,3.79
Èetka za kosu,0466973,0.106,1ST,Pakovanje,Cien BEAUTY,1,1,4052916221730,Kozmetika,2.49
Sušilo za kosu,0472259,0.791,1ST,Pakovanje,Silvercrest Personal Care,19.99,19.99,4052916457863,Kozmetika,19.99
Pribor za manikuru-pedikuru,0472265,0.04,1ST,Pakovanje,Cien BEAUTY,1.99,1.99,4052916451472,Kozmetika,1.99
Spužvica za šminku,0472269,0.008,1ST,Pakovanje,Cien BEAUTY,0.99,0.99,4052916439616,Kozmetika,0.99
Pribor za kozmetiku i manikuru,0472274,0.033,1ST,Pakovanje,Cien BEAUTY,1.99,1.99,4052916443965,Kozmetika,1.99
Èetka za kosu,0472287,0.08,1ST,Pakovanje,Cien BEAUTY,2.49,2.49,4052916444276,Kozmetika,2.49
Èetka za kosu,0466861,0.078,1ST,Pakovanje,Cien BEAUTY,2.49,2.49,4052916219102,Kozmetika,2.49
Èetka za kosu,0466861,0.078,1ST,Pakovanje,Cien BEAUTY,2.49,2.49,4052916219119,Kozmetika,2.49
Nemea POP Agiorgitiko ,6200047,0.756,"0,75l",Boca,,3.99,5.32,4304493260245,Piæe,3.99
Grèki trajni kolaèiæi u sirupu SK1,6200336,0.4,400g,Plitica,Eridanous,4.39,10.98,20244729,Hrana,3.85
Zelene masline s košticama,6200429,1,1062ml,Staklo,Eridanous,4.59,7.65,20350482,Hrana,4.29
Punjene zelene masline SK2,6200453,0.35,370ml,Staklo,Eridanous,1.99,9.95,20293727,Hrana,1.99
Pita sa sirom,6202271,1,1000g,Pakovanje,Chef Select,5.29,5.29,20654054,Hrana,5.29
Kremasti grèki jogurt SK1,6202953,1,1kg,Kanta,Eridanous,3.19,3.19,20161859,Hrana,3.19
Kremasti grèki jogurt SK1,6202953,1,1kg,Kanta,Eridanous,3.19,3.19,20211172,Hrana,3.19
Kremasti grèki jogurt SK1,6202953,1,1kg,Kanta,Eridanous,3.19,3.19,20211189,Hrana,3.19
Štapiæi od kruha SK8,6204482,0.24,240g,Vrecica,Eridanous,1.54,6.42,4056489264781,Hrana,Nije_bilo_u_prodaji_02.05.2025
Crne masline u masl. ulju SK1,6204522,0.25,250g,Vrecica,Eridanous,2.29,9.16,20992927,Hrana,2.29
Kefir SK2,6205495,0.5,500ml,PET-Boca,Eridanous,1.29,2.58,4056489264996,Hrana,1.29
"Maslinovo ulje, ek. djevièansko SK1",6206574,0.916,1l,PET-Boca,Eridanous,8.99,8.99,4056489125976,Hrana,8.99
"Maslinovo ulje, ek. djevièansko SK1",6206574,0.916,1l,PET-Boca,Eridanous,8.99,8.99,4056489125990,Hrana,8.99
Mini pita sa sirom,6206699,0.68,680g,Vrecica,Eridanous,2.49,3.66,4056489189602,Hrana,2.49
Bougatsa sa vrhnjem,6206863,0.45,450g,Pakovanje,Eridanous,2.49,5.53,4056489190233,Hrana,2.49
Feta sir u marinadi,6207924,0.2,200g,Pakovanje,Eridanous,4.49,22.45,4056489264873,Hrana,4.49
Feta sir u marinadi,6207924,0.2,200g,Pakovanje,Eridanous,4.49,22.45,4056489264897,Hrana,4.49
Head&Shoulders Šampon,0004845,0.31,300ml,PET-Boca,,3.99,13.3,4015600398415,Kozmetika,3.99
Head&Shoulders Šampon,0004845,0.31,300ml,PET-Boca,,3.99,13.3,8006540063606,Kozmetika,3.99
"BO Lovaèki kruh SUS, 400g",0004863,0.4,400g,Rasuto,,1.05,2.63,3859890755159,Hrana,1.05
"Dalmatinska panceta, narezak",0004871,0.1,100g,Vakumir. pakov.,Okusi zavièaja,2.25,22.5,4056489612391,Hrana,2.25
"Dalmatinska panceta, narezak",0004871,0.1,100g,Vakumir. pakov.,Okusi zavièaja,2.25,22.5,4056489926474,Hrana,2.25
Knorr Umaci SK1,0004901,0.336,750ml,Kart. na prekl.,,1.49,0.75,4000400117700,Hrana,1.49
Knorr Umaci SK1,0004901,0.336,750ml,Kart. na prekl.,,1.49,0.75,4038700117021,Hrana,1.49
Knorr Umaci SK1,0004901,0.336,750ml,Kart. na prekl.,,1.49,0.5,8720182078889,Hrana,1.49
"Kefir 2,7% m.m.",0004921,0.45,450g,Pakovanje,Pilos,1.25,2.78,20123086,Hrana,1.25
Gel za poslije sunèanja Aloe Vera,0024987,0.254,250ml,PET-Boca,Cien Sun,2.49,9.96,4056489368397,Kozmetika,2.49
Krpe za kupaonicu/posuðe SK5,0025297,0.05,4komad,Pakovanje,W5,1.59,0.4,4056489869658,Proizvodi za kuæanstvo,1.59
Potpuna hrana za pse SK21,0025323,1.24,1240g,Limenka,Orlando,1.89,1.52,20703745,Proizvodi za kuæanstvo,1.89
Potpuna hrana za pse SK21,0025323,1.24,1240g,Limenka,Orlando,1.89,1.52,20703752,Proizvodi za kuæanstvo,1.89
"Kuhano vino 8,7%  Vol.",0025350,1,1l,Boca,,1.49,1.49,4304493261709,Piæe,1.49
Kremasti sapun SK4,0025359,0.15,150g,Pakovanje,Cien,0.79,5.27,4056489547204,Kozmetika,0.79
Krema za njegu lica SK8,0051058,0.052,50ml,Tuba,Cien,1.75,35,20277253,Kozmetika,1.75
Tikvica,0082346,0.3,1 kg,Rasuto,,1.29,1.29,,Hrana,1.49
Soja umak,6600132,0.174,150ml,Boca,Vitasia,1.29,8.6,,Hrana,1.29
Šljiva okrugla rinfuza,0080410,1,1kg,Rasuto,,3.69,3.69,,Hrana,3.69
Mrkva rinfuza,0082755,1,1kg,Rasuto,,0.79,0.79,,Hrana,0.79
Vino Spumante Dry (Negroamaro),1000857,0.75,"0,75l",Boca,,4.59,6.12,,Piæe,4.59
Dinja,0080535,1,1kg,Rasuto,,2.49,2.49,,Hrana,3.49
"Bio kašica povræe, tjes. i puretina",0131987,0.25,250g,Staklo,Lupilu,1.31,5.24,,Hrana,1.31
Luk crveni rinfuza,0083325,1,1kg,Rasuto,,0.84,0.84,,Hrana,0.84
Instant napitak 2u1,5529644,0.014,14g,Vrecica,Bellarom,0.19,0.19,,Piæe,0.19
Grožðe crno bez koštica,0080455,1,1kg,Rasuto,,3.99,3.99,,Hrana,3.99
Trešnja rinfuza,0080355,1,1kg,Rasuto,Okusi zavièaja,11.99,11.99,,Hrana,6.99
Duca di Sasseta Bianco Piemonte,0227018,0.75,"0,75l",Boca,,4.17,0.06,,Piæe,Nije_bilo_u_prodaji_02.05.2025
Bavarski mesni sir SK5,0011857,0.4,400g,Atmos-Pakiranje,Alpenfest,2.99,7.48,,Hrana,2.99
VITALmaxx Set za manikuru i pedikuru,0435992,0.19,1ZSE,Pakovanje,,5,5,,Kozmetika,5
"Desert Tiramisu, Profiteroles SK9",0142216,0.475,"450g,500g",Pakovanje,Milbona,3.99,7.98,,Hrana,3.99
Kupus kineski,0082910,1,1kg,Rasuto,,1.49,1.49,,Hrana,1.59
Mladi krumpir,0083155,1,1kg,Rasuto,,0.89,0.89,,Hrana,0.99
Cappelletti sa šunkom,6000264,0.25,250g,Atmos-Posudica,Italiamo,0.99,3.96,,Hrana,0.99
Mineralna voda gazirana,0000007,1.5,"1,5l",PET-Boca,Saguaro,0.4,0.27,8020458000027,Piæe,0.45
Always Ultra higijenski ulošci BA,0000017,0.058,"9 komada, 10 komada, 14 komada",Pakovanje,,1.66,0.17,4015400931225,Proizvodi za kuæanstvo,1.66
Milka Èoko zalogaj,0000040,0.032,32g,Pakovanje,,0.4,0.4,90426230,Hrana,0.4
"Gazirano piæe limun, 2l",0000041,2.076,2l,PET-Boca,Freeway,1.29,0.65,4304493261396,Piæe,1.29
Gazirano piæe od naranèe 3%,0000051,2.076,2l,PET-Boca,Freeway,1.29,0.65,4304493261389,Piæe,1.29
Felix Fantastic Hra. za maèke losos,0000096,0.68,8x85g,Pakovanje,Nestlé,4.49,6.6,8445290619228,Proizvodi za kuæanstvo,4.49
Lenor Omekšivaè Orchid 48 pranja,0000122,1.2,"1,2l",PET-Boca,,5.65,4.71,8006540901687,Sredstva za èišæenje,5.65
Heinz ketchup Top Up blagi,0000131,0.875,875ml,PET-Boca,,4.19,4.79,8715700421483,Hrana,4.19
Persil Tek. deter. Color 44 pranja,0000140,2.05,"1,98l",PET-Boca,Henkel,15.29,7.72,9000101568363,Sredstva za èišæenje,15.29
Coca Cola Regular,0000176,0.34,"0,33l",Limenka,Coca-Cola,1.08,3.27,5449000214911,Piæe,1.08
Nestlé After Eight Naranèa,0000320,0.2,200g,Pakovanje,,2.99,14.95,7613287290748,Hrana,1.86
Silan Omekšivaè Sensitive 60 pranja,0000336,1.32,"1,32l",PET-Boca,,4.79,3.63,9000101590159,Sredstva za èišæenje,4.79
Pedigree Pseæe poslastice sort SK2,0000347,0.133,"123g,200g,77g",Vrecica,Mars,1.79,23.25,9003579302545,Proizvodi za kuæanstvo,1.79
Gillette Venus Smooth brijaè+patro.,0000371,0.039,1komad,Pakovanje,,10.99,10.99,8700216074995,Kozmetika,10.99
Lays Èips slani,0000442,0.2,200g,Vrecica,,2.99,14.95,5900259128706,Hrana,2.99
Nestle Nesquik,0000454,0.8,800g,Vrecica,,8.99,11.24,5998710960798,Piæe,7.49
Somat Gel Excellence Duo Gigapack ,0000471,1.669,2x684ml,PET-Boca,Henkel,13.99,10.23,9000101819502,Sredstva za èišæenje,13.99
Finish Sred. za èišæ. perilice pos.,0000485,0.55,2x250ml,Boca,,5.31,10.62,5999109580061,Sredstva za èišæenje,5.31
Sladoled vanilija s grožðicama,0001189,0.5,1l,Box,Ballino,2.99,2.99,20072452,Hrana,2.99
Sladoled štapiæ vanilija s èokola.,0001193,0.079,120ml,Pakovanje,Ballino,0.89,7.42,20113391,Hrana,0.89
Sladoled vanilija,0001208,0.44,1l,Box,Ballino,2.39,2.39,20544249,Hrana,2.39
"Grašak, smrznuto",0001255,1,1kg,Vrecica,Freshona,1.49,1.49,20156855,Hrana,2.19
"Svijetlo pivo 4,0%",0001346,0.501,"0,5l",Limenka,Deep,0.75,1.5,4304493257160,Piæe,0.75
Tirolska kobasica,0001393,0.4,400g,Stanga,Pikok,1.55,3.88,20172381,Hrana,2.39
Carefree Dnevni ulošci sort. SK2,0001496,0.124,56komad,Kart. na prekl.,Johnson & Johnson,3.35,0.06,3574660322712,Proizvodi za kuæanstvo,3.35
Carefree Dnevni ulošci sort. SK2,0001496,0.124,56komad,Kart. na prekl.,Johnson & Johnson,3.35,0.06,3574660334937,Proizvodi za kuæanstvo,3.35
Carefree Dnevni ulošci sort. SK2,0001496,0.124,56komad,Kart. na prekl.,Johnson & Johnson,3.35,0.06,3574661552576,Proizvodi za kuæanstvo,3.35
"Pileæa prsa u ovitku, 500g",0001518,0.5,500g,Stanga,Pikok,3.69,7.38,20158293,Hrana,3.69
Rolana lopatica s kožom,0001545,1,"cca.1,3kg",Vakumir. pakov.,Pikok,4.95,4.95,2123859000000,Hrana,4.95
Kiselo vrhnje 12% m.m.,0001558,0.18,180g,Posudica,Pilos,0.69,3.83,20156091,Hrana,0.65
Kiselo vrhnje 12% m.m.,0001558,0.18,180g,Posudica,Pilos,0.69,3.83,20447687,Hrana,0.65
"Dukat kiselo vrhnje 12%, 200g",0001560,0.2,200g,Posudica,,0.94,4.7,3850354009702,Hrana,0.94
"Tekuæi jogurt 2,8% m.m.",0001561,1,1kg,PET-Boca,Pilos,1.89,1.89,4304493260108,Hrana,1.89
"b.Aktiv s LGG natur, 150g",0001614,0.15,150g,Posudica,,0.65,4.33,3850354005414,Hrana,0.65
Bref WC Duo Aktiv Pine,0001690,0.052,50ml,Blister,Henkel,2.65,53,9000100992138,Sredstva za èišæenje,2.65
"Pipo Extra pileæa kobasica, 500g",0001697,0.5,500g,Stanga,,1.79,3.58,3850220150583,Hrana,1.79
"Voæni jogurt 3,8% SK1, 500g",0001794,0.5,500g,Posudica,Milbona,1.39,2.78,20002060,Hrana,1.39
"Voæni jogurt 1,8%, SK45, SK46",0001798,0.25,250g,Posudica,Milbona,0.79,3.16,20164515,Hrana,0.79
"Voæni jogurt 1,8%, SK45, SK46",0001798,0.25,250g,Posudica,Milbona,0.79,3.16,20723972,Hrana,0.79
Puding od èokolade,0001809,0.2,200g,Posudica,Pilos,0.45,2.25,20002114,Hrana,0.49
Namaz od vrhnja SK21,0001889,0.2,200g,Plitica,Milbona,1.59,7.95,20064464,Hrana,1.55
Svježa pileæa krila,0001915,1,ca. 500g,Atmos-Pakiranje,Naša mesnica,2.99,2.99,2101760000000,Hrana,4.19
Svježa pileæa krila,0001915,1,ca. 500g,Atmos-Pakiranje,Naša mesnica,2.99,2.99,2852003000000,Hrana,4.19
Svježa pileæa krila,0001915,1,ca. 500g,Atmos-Pakiranje,Naša mesnica,2.99,2.99,2891981000000,Hrana,4.19
Svježa pileæa krila,0001915,1,ca. 500g,Atmos-Pakiranje,Naša mesnica,2.99,2.99,2891987000000,Hrana,4.19
"Rolana lopatica bez kože cca. 1,3kg",0001994,1,"ca. 1,3kg",Vakumir. pakov.,Pikok,5.75,5.75,2819942000000,Hrana,5.75
"Rolana lopatica bez kože cca. 1,3kg",0001994,1,"ca. 1,3kg",Vakumir. pakov.,Pikok,5.75,5.75,2819944000000,Hrana,5.75
"Rolana lopatica bez kože cca. 1,3kg",0001994,1,"ca. 1,3kg",Vakumir. pakov.,Pikok,5.75,5.75,2819949000000,Hrana,5.75
"Rolana lopatica bez kože cca. 1,3kg",0001994,1,"ca. 1,3kg",Vakumir. pakov.,Pikok,5.75,5.75,2847712000000,Hrana,5.75
"Dukat Vrhnje za kuh. 20%, 500g",0002023,0.5,500g,Pakovanje,,3.39,6.78,3858883520385,Hrana,3.39
Fritt Voæne karamele SK18 ,0002167,0.07,70g,Pakovanje,,0.99,14.14,4000607523106,Hrana,0.99
Fritt Voæne karamele SK18 ,0002167,0.07,70g,Pakovanje,,0.99,14.14,4000607529702,Hrana,0.99
Nescafé Cappuccino sort.,0002183,0.135,"112g,148g",Kart. na prekl.,Nestlé,4.19,29.1,5011546477596,Piæe,4.19
Nescafé Cappuccino sort.,0002183,0.135,"112g,148g",Kart. na prekl.,Nestlé,4.19,37.41,7613034641366,Piæe,4.19
Nescafé Cappuccino sort.,0002183,0.135,"112g,148g",Kart. na prekl.,Nestlé,4.19,30.81,7613035705746,Piæe,4.19
Nescafé Cappuccino sort.,0002183,0.135,"112g,148g",Kart. na prekl.,Nestlé,4.19,37.41,7613035919433,Piæe,4.19
Nescafé Cappuccino sort.,0002183,0.135,"112g,148g",Kart. na prekl.,Nestlé,4.19,28.31,7613036204897,Piæe,4.19
Nescafé Cappuccino sort.,0002183,0.135,"112g,148g",Kart. na prekl.,Nestlé,4.19,29.1,7613036701990,Piæe,4.19
Èaj od šipka,0002199,0.08,20x4g,Kart. na prekl.,Lord Nelson,0.79,9.88,20149987,Piæe,0.79
Kiara Kristal šeæer 1kg ,0002220,1,1kg,Vrecica,,0.99,0.99,9007829025017,Hrana,0.99
"Krušne mrvice, 500g",0002234,0.5,500g,Pakovanje,Belbake,0.99,1.98,3858893730040,Hrana,0.99
"Pšenièna krupica TIP 400, 1kg",0002236,1,1kg,Pakovanje,Okusi zavièaja,0.69,0.69,20156640,Hrana,0.99
Riža dugog zrna Arborio,0002278,1,1kg,Kart. na prekl.,Golden Sun,2.29,2.29,20101985,Hrana,2.29
"Lješnjak jezgra u rinfuzi, cca. 1kg",0002320,1,ca. 1kg,Rasuto,,9.39,9.39,0722512575035,Hrana,9.39
"Badem jezgra u rinfuzi, cca. 1kg",0002321,1,ca. 1kg,Rasuto,,6.79,6.79,8009693995794,Hrana,6.79
"Crvena paprika fileti, OM 300g",0002503,0.68,720ml,Staklo,Freshona,1.57,5.23,20053093,Hrana,2.49
Scotch Whisky 40%,0002596,0.86,"0,7l",Boca,Queen Margot,7.99,11.41,4304493262522,Piæe,8.49
"Coca Cola, 2l",0002665,2.07,2l,PET-Boca,Coca-Cola,2.25,1.13,5000112506396,Piæe,2.25
"Karlovaèko Svijetlo pivo 0,5l-boc",0002719,0.5,"0,5l",Boca,,1.36,2.72,3850103000820,Piæe,1.36
Soft cake SK4,0002743,0.15,150g,Pakovanje,Tastino,1.15,7.67,20073046,Hrana,1.15
Minis Candy,0002785,0.35,350g,Vrecica,Mister Choc,3.59,10.26,4056489231707,Hrana,3.59
"Kikiriki, prženi i slani",0002800,0.5,500g,Vrecica,Alesto,2.79,5.58,20054793,Hrana,2.79
Orbit žvakaæe gume sort. I,0002907,0.014,14g,Pakovanje,Mars,0.99,0.99,50173204,Hrana,0.99
Milka Èokolada sort.,0002911,0.281,"270g, 276g, 300g",Pakovanje,,5.99,22.19,7622200004515,Hrana,5.99
Milka Èokolada sort.,0002911,0.281,"270g, 276g, 300g",Pakovanje,,5.99,19.97,7622200004515,Hrana,5.99
Milka Èokolada sort.,0002911,0.281,"270g, 276g, 300g",Pakovanje,,5.99,19.97,7622200004614,Hrana,5.99
Milka Èokolada sort.,0002911,0.281,"270g, 276g, 300g",Pakovanje,,5.99,19.97,7622200009084,Hrana,5.99
Milka Èokolada sort.,0002911,0.281,"270g, 276g, 300g",Pakovanje,,5.99,19.97,7622210273369,Hrana,5.99
Milka Èokolada sort.,0002911,0.281,"270g, 276g, 300g",Pakovanje,,5.99,21.7,7622210275516,Hrana,5.99
Milka Èokolada sort.,0002911,0.281,"270g, 276g, 300g",Pakovanje,,5.99,22.19,7622210417534,Hrana,5.99
Milka Èokolada sort.,0002911,0.281,"270g, 276g, 300g",Pakovanje,,5.99,21.7,7622210612267,Hrana,5.99
"Jumbo biskvit, SK5, SK8",0002942,0.6,600g,Pakovanje,Confiserie Firenze,2.99,4.98,20139803,Hrana,2.99
Bordeaux AOP trocken,0002994,0.75,"0,75l",Boca,-,3.49,4.65,4056489790730,Piæe,3.49
Kompletna hrana za maèke SK19,0003002,0.1,100g,Plitica,Coshida,0.45,4.5,20106744,Proizvodi za kuæanstvo,0.45
Kompletna hrana za maèke SK19,0003002,0.1,100g,Plitica,Coshida,0.45,4.5,20609481,Proizvodi za kuæanstvo,0.45
"Whiskas Izab. obroci, 4x100g SK1",0003004,0.4,4x100g,Pakovanje,Mars,2.37,5.93,3858890475418,Proizvodi za kuæanstvo,2.37
"Whiskas Izab. obroci, 4x100g SK1",0003004,0.4,4x100g,Pakovanje,Mars,2.37,5.93,5900951118562,Proizvodi za kuæanstvo,2.37
"Cedevita Instant nap. naranèa, 1kg",0003013,1,1000g,Vrecica,,6.39,6.39,3850322010198,Piæe,6.39
"Cedevita Instant nap. naranèa, 1kg",0003013,1,1000g,Vrecica,,6.39,6.39,3850322015780,Piæe,6.39
Potpuna hrana za pse SK1,0003024,10,10kg,Vrecica,Orlando,11.89,1.19,20100179,Proizvodi za kuæanstvo,11.89
Potpuna hrana za pse SK1,0003024,10,10kg,Vrecica,Orlando,11.89,1.19,4056489348641,Proizvodi za kuæanstvo,11.89
Šampon za svakodne. pranje kose SK6,0003034,0.515,500ml,PET-Boca,Cien,0.95,1.9,4056489235620,Kozmetika,1.39
Šampon za svakodne. pranje kose SK6,0003034,0.515,500ml,PET-Boca,Cien,0.95,1.9,4056489318460,Kozmetika,1.39
Pjena za kosu SK8,0003050,0.22,250ml,Limenka,Cien,1.33,5.32,20220440,Kozmetika,1.59
Pjena za kosu SK8,0003050,0.22,250ml,Limenka,Cien,1.33,5.32,4335619134379,Kozmetika,1.59
"Cedevita Instant nap., SK5, 200g",0003086,0.2,200g,Posudica,,2.09,10.45,3850322007099,Piæe,2.09
"Cedevita Instant nap., SK5, 200g",0003086,0.2,200g,Posudica,,2.09,10.45,3850322014523,Piæe,2.09
Q10 krema za lice protiv bora SK7 ,0003089,0.051,50ml,Kart. na prekl.,Cien,2.89,57.8,4056489236092,Kozmetika,2.89
Losion/Mlijeko za tijelo SK2,0003091,0.489,500ml,PET-Boca,Cien,1.99,3.98,20057053,Kozmetika,1.99
Pjena za brijanje sensitive,0003108,0.294,300ml,Limenka,Cien MEN,1.59,5.3,20007713,Kozmetika,1.59
Pjena za brijanje sensitive,0003108,0.294,300ml,Limenka,Cien MEN,1.59,5.3,20081577,Kozmetika,1.59
Pjena za brijanje sensitive,0003108,0.294,300ml,Limenka,Cien MEN,1.59,5.3,20220501,Kozmetika,1.59
Pjena za brijanje sensitive,0003108,0.294,300ml,Limenka,Cien MEN,1.59,5.3,4056489323068,Kozmetika,1.59
Losion poslije brijanja SK15,0003114,0.094,100ml,Kart. na prekl.,Cien MEN,2.39,23.9,20106980,Kozmetika,2.39
Losion poslije brijanja SK15,0003114,0.094,100ml,Kart. na prekl.,Cien MEN,2.39,23.9,4056489582458,Kozmetika,2.39
Losion poslije brijanja SK15,0003114,0.094,100ml,Kart. na prekl.,Cien MEN,2.39,23.9,40891507,Kozmetika,2.39
Èetkice za zube classic SK6,0003116,0.034,2komad,Pakovanje,Dentalux,0.77,0.39,20010973,Kozmetika,0.85
Pasta za zube SK6,0003120,0.152,125ml,Tuba,Dentalux,1.05,8.4,4056489857297,Kozmetika,1.05
Specijalna sol za perilicu posuða,0003169,2,2kg,Kart. na prekl.,W5,1,0.5,20038953,Sredstva za èišæenje,1.45
Tekuæe sred. za osvjež. WC-a SK23,0003185,0.165,3x55ml,Pakovanje,W5,1.45,8.79,4056489868873,Sredstva za èišæenje,1.45
Higijenski ulošci SK6,0003262,0.145,"14komad,20komad",Pakovanje,Siempre,1.29,0.09,20152895,Proizvodi za kuæanstvo,1.29
"Alkalna baterija 1,5 V AAA",0003331,0.098,8komad,Pakovanje,Aerocell,1.99,0.25,20080570,Proizvodi za kuæanstvo,1.99
Podravka Koncentrat rajèice 2x,0003453,0.19,190g,Tuba,,2.19,11.53,3850104053221,Hrana,2.19
Cola gazirano piæe sa sladilom,0003609,2,2l,PET-Boca,Freeway,0.89,0.45,4304493257061,Piæe,0.89
Gazirano piæe naranèa sa sladilom,0003610,2,2l,PET-Boca,Freeway,0.49,0.25,4304493259232,Piæe,0.89
"BO Kukuruzna ciabatta, 300g",0003646,0.3,300g,Rasuto,,0.93,3.1,3859890755449,Hrana,0.93
Palette Int. Color Creme boja SK4,0003664,0.11,1komad,Kart. na prekl.,Henkel,4.25,4.25,3838824159133,Kozmetika,5.25
Palette Int. Color Creme boja SK4,0003664,0.11,1komad,Kart. na prekl.,Henkel,4.25,4.25,3838824159539,Kozmetika,5.25
Palette Int. Color Creme boja SK4,0003664,0.11,1komad,Kart. na prekl.,Henkel,4.25,4.25,3838824159614,Kozmetika,5.25
Palette Int. Color Creme boja SK4,0003664,0.11,1komad,Kart. na prekl.,Henkel,4.25,4.25,3838824159751,Kozmetika,5.25
Palette Int. Color Creme boja SK4,0003664,0.11,1komad,Kart. na prekl.,Henkel,4.25,4.25,3838824184203,Kozmetika,5.25
Palette Int. Color Creme boja SK4,0003664,0.11,1komad,Kart. na prekl.,Henkel,4.25,4.25,3838824218557,Kozmetika,5.25
Palette Int. Color Creme boja SK4,0003664,0.11,1komad,Kart. na prekl.,Henkel,4.25,4.25,3838824350592,Kozmetika,5.25
"Kakao krema s okusom lješ., SK2",0003690,0.4,400g,Posudica,Mister Choc,1.99,4.98,20079598,Hrana,1.99
"Axe Bodyspray sort., 150ml ",0003696,0.097,150ml,Limenka,,4.55,30.33,8711700735179,Kozmetika,4.55
Signal zubna pasta Whitening,0003703,0.125,125ml,Tuba,,2.99,23.92,3858887815593,Kozmetika,2.99
Amaretto 28% Vol.,0003743,0.764,"0,7l",Boca,Armilar,5.49,7.84,4304493262294,Piæe,5.49
Topljeni sir trokutiæi 50% m.m.,0003831,0.4,400g,Pakovanje,Milbona,4.29,10.73,20157517,Hrana,4.29
"Trajno mlijeko 2,8% m.m.",0003904,1.031,1l,Pakovanje,Pilos,0.75,0.75,3870199000696,Hrana,0.79
Pro Vitamin balzam za kosu SK9,0003947,0.299,300ml,PET-Boca,Cien,1.49,4.97,20189051,Kozmetika,1.49
Pro Vitamin balzam za kosu SK9,0003947,0.299,300ml,PET-Boca,Cien,1.49,4.97,20189068,Kozmetika,1.49
Kinder Pingui 4x30g,0004451,0.12,4x30g,Pakovanje,,2.39,19.92,4008400290423,Hrana,2.39
Old Spice Deo stick,0004454,0.056,50ml,PET-Boca,,3.85,77,4084500019195,Kozmetika,3.85
Old Spice Deo stick,0004454,0.056,50ml,PET-Boca,,3.85,77,4084500479821,Kozmetika,3.85
Old Spice Deo stick,0004454,0.056,50ml,PET-Boca,,3.85,77,4084500940444,Kozmetika,3.85
Raid El. aparat + refill,0004460,0.077,1kom.+21ml,Pakovanje,,8.99,8.99,5000204663341,Proizvodi za kuæanstvo,8.99
Raid El. aparat + refill,0004460,0.077,1kom.+21ml,Pakovanje,,8.99,8.99,5000204816778,Proizvodi za kuæanstvo,8.99
"NUK Silikonske Dude varalice, Vel.1",0004531,0.032,2komad,Pakovanje,Mapa,5.29,5.29,4008600296829,Proizvodi za kuæanstvo,5.29
Monster Energetski napitak Hamilton,0004540,0.5,"0,5l",Limenka,Coca-Cola,1.59,3.18,5060896629490,Piæe,1.59
"Laško Zlatorog Svijetlo pivo 4,9%",0004541,2,"4x0,5l",Limenka,,5.27,2.64,3830001712667,Piæe,5.27
"Mallow Cocktail, 300g",0004840,0.3,300g,Vrecica,Sweet Corner,1.99,6.63,20564087,Hrana,1.99
Svježi posni sir,0004947,0.5,500g,Posudica,Okusi zavièaja,1.75,3.5,20538194,Hrana,1.75
Svježi posni sir,0004947,0.5,500g,Posudica,Okusi zavièaja,1.75,3.5,4056489925514,Hrana,1.75
"Kviki Grickalice, SK1",0004962,0.13,130g,Vrecica,,1.29,9.92,3850104255991,Hrana,1.29
"Dove Gel za tuširanje sort., 250ml",0004967,0.258,250ml,Boca,,2.99,11.96,8710847929038,Kozmetika,2.99
"Dove Gel za tuširanje sort., 250ml",0004967,0.258,250ml,Boca,,2.99,11.96,8717644627624,Kozmetika,2.99
Carski sir komad,0004986,0.25,250g,Atmos-Pakiranje,Pilos,2.59,10.36,20980429,Hrana,2.59
"Kiseli krastavci I. klasa, OM: 350g",0005064,0.35,720ml,Staklo,Okusi zavièaja,2.09,5.97,20335694,Hrana,2.09
Nestlé Nescafe 2u1/3u1,0005074,0.137,"80g, 140g, 155g",Vrecica,,2.99,17.59,5998710967650,Piæe,2.99
Nestlé Nescafe 2u1/3u1,0005074,0.137,"80g, 140g, 155g",Vrecica,,2.99,37.38,7613032868505,Piæe,2.99
Nestlé Nescafe 2u1/3u1,0005074,0.137,"80g, 140g, 155g",Vrecica,,2.99,21.36,7613036843881,Piæe,2.99
Nestlé Nescafe 2u1/3u1,0005074,0.137,"80g, 140g, 155g",Vrecica,,2.99,37.38,8445290749413,Piæe,2.99
Argeta Riblja pašteta SK1,0005139,0.095,95g,Limenka,,1.99,20.95,3838471019057,Hrana,1.99
"BO Pecivo žemlja SUS, 75g",0005369,0.075,75g,Rasuto,,0.21,2.8,3859888751491,Hrana,0.21
"Suha svinjska peèenica, cca. 400g",0005471,1,ca. 400g,Vakumir. pakov.,Okusi zavièaja,14.99,14.99,2800536000000,Hrana,14.99
"Argeta Kokošja pašteta, 3x95g",0005502,0.285,3x95g,Pakovanje,,3.19,11.19,3838471022767,Hrana,3.49
"Svježi pileæi želuci, 500g",0005594,0.5,500g,Atmos-Pakiranje,,1.49,2.98,3859890764144,Hrana,1.49
Svježi pileæi filet,0005607,1,ca. 500g,Atmos-Pakiranje,Naša mesnica,7.39,7.39,2852029000000,Hrana,7.39
Svježi pileæi filet,0005607,1,ca. 500g,Atmos-Pakiranje,Naša mesnica,7.39,7.39,2856070000000,Hrana,7.39
Mljeveno meso junetina,0005610,0.45,450g,Atmos-Pakiranje,Naša mesnica,4.95,11,20432614,Hrana,5.19
Axe gel za tuširanje sort.,0005639,0.257,250ml,Boca,,2.99,11.96,8710447276570,Kozmetika,2.99
Axe gel za tuširanje sort.,0005639,0.257,250ml,Boca,,2.99,11.96,8710447284117,Kozmetika,2.99
Dolcela Gussnel,0005733,0.25,250g,Kart. na prekl.,,1.99,7.96,3850104219467,Hrana,1.99
Dolcela Gussnel,0005733,0.25,250g,Kart. na prekl.,,1.99,7.96,3850104278556,Hrana,1.99
Argeta Junior kokošja pašteta 3x95g,0005751,0.285,3x95g,Pakovanje,,3.19,11.19,3838471013185,Hrana,3.49
Tic Tac SK5,0005761,0.018,18g,Pakovanje,,0.79,0.79,80816652,Hrana,0.79
Kulen/ Zimska salama SK5,0005829,0.3,300g,Atmos-Pakiranje,Pikok,3.09,10.3,20448233,Hrana,3.89
"Jadranska lokarda, cijela, smrz.",0005865,1,1000g,Vrecica,Okusi zavièaja,3.49,3.49,20538286,Hrana,3.49
Sensodyne Pasta za zube SK2,0005894,0.075,75ml,Tuba,,3.95,52.67,5054563072658,Kozmetika,3.95
Sensodyne Pasta za zube SK2,0005894,0.075,75ml,Tuba,,3.95,52.67,5054563232908,Kozmetika,3.95
Schauma šampon sort.,0005896,0.52,400ml,Boca,,3.17,7.93,4015000910859,Kozmetika,3.17
Schauma šampon sort.,0005896,0.52,400ml,Boca,,3.17,7.93,4015000910897,Kozmetika,3.17
Schauma šampon sort.,0005896,0.52,400ml,Boca,,3.17,7.93,4015001005417,Kozmetika,3.17
Schauma šampon sort.,0005896,0.52,400ml,Boca,,3.17,7.93,4015100216523,Kozmetika,3.17
Schauma šampon sort.,0005896,0.52,400ml,Boca,,3.17,7.93,4015100216592,Kozmetika,3.17
Mladi istarski sir,0005927,0.3,300g,Vakumir. pakov.,Okusi zavièaja,5.29,17.63,20538484,Hrana,5.29
"Orbit White žvakaæe gume sort., 14g",0005954,0.014,14g,Pakovanje,Mars,0.99,0.99,42069942,Hrana,0.99
Nivea Dezodorans roler SK1,0005958,0.052,50ml,Pakovanje,,3.95,79,42242147,Kozmetika,3.95
"BO Graham pecivo SUS, 55g",0006081,0.055,55g,Rasuto,,0.16,2.91,3859890771777,Hrana,0.17
"Tortina SK1, 300g",0006147,0.3,300g,Pakovanje,Tastino,1.99,6.63,20476137,Hrana,1.99
Raid El. aparat +tablete,0006227,0.061,1komad,Pakovanje,,10.99,10.99,5000204358216,Proizvodi za kuæanstvo,10.99
Raid El. aparat +tablete,0006227,0.061,1komad,Pakovanje,,10.99,10.99,8002030140666,Proizvodi za kuæanstvo,10.99
Ballantine's Ble. Scotch Whisky 40%,0006253,0.663,"0,7l",Boca,,15.52,22.17,5000299629413,Piæe,15.52
Amadori Svježi pureæi batak vp,0006274,1,cca. 1000g,Vakumir. pakov.,,2.39,2.39,2118227000000,Hrana,2.39
Ritter Sport SK17,0006343,0.1,100g,Tabla,Ritter,1.79,17.9,4000417237002,Hrana,1.79
Ritter Sport SK17,0006343,0.1,100g,Tabla,Ritter,1.79,17.9,4000417291004,Hrana,1.79
Ritter Sport SK17,0006343,0.1,100g,Tabla,Ritter,1.79,17.9,4000417298003,Hrana,1.79
Dimljena peèenica narezak,0006396,0.1,100g,Atmos-Pakiranje,Pikok,1.49,14.9,20491895,Hrana,1.49
Bircher Muesli,0006442,1,1kg,Kanta,Alpenfest,2.99,2.99,20413651,Hrana,2.89
Danone Actimel BA 4x100g,0006461,0.4,4x100g,PET-Boca,Danone,1.59,3.98,5997536110356,Hrana,1.59
"Svježa pileæa prsa, bk sk, cca 500g",0006488,1,ca. 500g,Atmos-Pakiranje,Naša mesnica,5.89,5.89,2852056000000,Hrana,5.89
"Svježa pileæa prsa, bk sk, cca 500g",0006488,1,ca. 500g,Atmos-Pakiranje,Naša mesnica,5.89,5.89,2852058000000,Hrana,5.89
"Svježa pileæa prsa, bk sk, cca 500g",0006488,1,ca. 500g,Atmos-Pakiranje,Naša mesnica,5.89,5.89,2852059000000,Hrana,5.89
"Svježa pileæa prsa, bk sk, cca 500g",0006488,1,ca. 500g,Atmos-Pakiranje,Naša mesnica,5.89,5.89,2891142000000,Hrana,5.89
Svježi pileæi batak,0006489,1,ca. 500g,Atmos-Pakiranje,Naša mesnica,4.09,4.09,2852011000000,Hrana,4.09
Svježi pileæi batak,0006489,1,ca. 500g,Atmos-Pakiranje,Naša mesnica,4.09,4.09,2852012000000,Hrana,4.09
Svježi pileæi batak,0006489,1,ca. 500g,Atmos-Pakiranje,Naša mesnica,4.09,4.09,2852017000000,Hrana,4.09
Svježi pileæi batak,0006489,1,ca. 500g,Atmos-Pakiranje,Naša mesnica,4.09,4.09,2891961000000,Hrana,4.09
Svježi pileæi batak,0006489,1,ca. 500g,Atmos-Pakiranje,Naša mesnica,4.09,4.09,2891964000000,Hrana,4.09
Svježi pileæi batak,0006489,1,ca. 500g,Atmos-Pakiranje,Naša mesnica,4.09,4.09,2891968000000,Hrana,4.09
Evropa Rahatlokum s orasima,0006551,0.4,400g,Kart. na prekl.,,1.79,4.48,5310002585203,Hrana,1.79
Imako Vranac 2l,0006571,1.99,2l,PET-Boca,,2.65,1.33,5319991722026,Piæe,2.65
Èvarci,0006586,0.25,250g,Atmos-Pakiranje,Okusi zavièaja,4.99,19.96,20492571,Hrana,4.99
Kiselo vrhnje 12% m.m.,0006665,0.9,900g,Kanta,Okusi zavièaja,2.85,3.17,4056489610892,Hrana,2.85
"Svježi pileæi zabatak, cca. 500g",0006675,1,ca. 500g,Atmos-Pakiranje,Naša mesnica,4.09,4.09,2852047000000,Hrana,4.09
"Svježi pileæi zabatak, cca. 500g",0006675,1,ca. 500g,Atmos-Pakiranje,Naša mesnica,4.09,4.09,2852048000000,Hrana,4.09
"Svježi pileæi zabatak, cca. 500g",0006675,1,ca. 500g,Atmos-Pakiranje,Naša mesnica,4.09,4.09,2891972000000,Hrana,4.09
"Pileæi mix za juhu, cca. 500g",0006735,1,ca. 500g,Atmos-Pakiranje,Naša mesnica,2.69,2.69,2136949000000,Hrana,2.69
"Pileæi mix za juhu, cca. 500g",0006735,1,ca. 500g,Atmos-Pakiranje,Naša mesnica,2.69,2.69,2891124000000,Hrana,2.69
Limoncino Or. di Sorrento 30% vol.,0007447,0.524,"0,5l",Boca,-,5.49,10.98,4304493262423,Piæe,5.49
M&M's SK2,0007674,0.214,"187g,220g",Samost.vreca,,3.29,17.59,5000159471794,Hrana,3.29
M&M's SK2,0007674,0.214,"187g,220g",Samost.vreca,,3.29,14.95,5000159472029,Hrana,3.29
M&M's SK2,0007674,0.214,"187g,220g",Samost.vreca,,3.29,14.95,5000159484589,Hrana,3.29
Air Wick Fresh Matic Refill sort.,0008404,0.17,250ml,Limenka,,6.69,26.76,5900627055184,Sredstva za èišæenje,6.69
"Vreæice za zamrzavanje, SK1",0008485,0.115,"26komad,38komad,50komad",Pakovanje,Aromata,0.79,0.79,20476489,Proizvodi za kuæanstvo,0.79
"Štark Smoki flips, 130g",0008931,0.13,130g,Vrecica,,1.29,9.92,8600939507711,Hrana,1.29
Kokice za mikrovalnu peænicu,0009015,0.3,3x100g,Vrecica,Snack Day,1.39,4.63,20948955,Hrana,1.39
Èili æevapèiæi,0009057,0.5,500g,Atmos-Pakiranje,Naša mesnica,3.79,7.58,20315580,Hrana,3.79
"Listovi za pite i savijaèe, 500g",0009083,0.5,500g,Pakovanje,Chef Select,1.25,2.5,20252847,Hrana,1.25
Pizza hlaðena SK27,0009099,0.43,430g,Pakovanje,Chef Select,2.99,6.95,20165390,Hrana,2.99
Aquafresh Èet. za zube Flex Medium,0009165,0.042,3x1komad,Pakovanje,,2.45,0.82,5054563015549,Kozmetika,2.45
Aquafresh Èet. za zube Flex Medium,0009165,0.042,3x1komad,Pakovanje,,2.45,0.82,5054563124272,Kozmetika,2.45
Lampion SK7,0009364,0.29,290g,Pakovanje,-,1.99,1.99,20779009,Proizvodi za kuæanstvo,1.99
Lampion SK7,0009364,0.29,290g,Pakovanje,-,1.99,1.99,4056489316947,Proizvodi za kuæanstvo,1.99
Kozmetièke maramice 3-slojne aloe v,0009374,0.17,90komad,Kart. na prekl.,Cien,1.29,0.01,20173852,Proizvodi za kuæanstvo,1.29
Old Spice Gel za tuširanje,0009584,0.421,400ml,Boca,,3.85,9.63,4084500978911,Kozmetika,3.85
Milka Choco Dessert Jaffa Jelly nar,0009677,0.147,147g,Pakovanje,,1.39,9.46,7622300479138,Hrana,1.39
Gel za kosu za muškarce SK10,0009855,0.15,150ml,Tuba,Cien,1.79,11.93,20336752,Kozmetika,1.79
"Minas mljevena kava, 200g",0009877,0.2,200g,Vrecica,-,2.89,14.45,4056489317739,Piæe,2.79
Sendviè toast od cjel. žitarica,0009881,0.75,750g,Vrecica,Tastino,1.69,2.25,20082185,Hrana,1.69
"Alpska šunka u komadu, cca. 600g",0010237,1,ca. 600g,Vakumir. pakov.,Alpenfest,12.69,12.69,2228881000000,Hrana,12.69
"Alpska šunka u komadu, cca. 600g",0010237,1,ca. 600g,Vakumir. pakov.,Alpenfest,12.69,12.69,2228888000000,Hrana,12.69
Hot-Dog hrenovke (ATG300g),0010238,0.55,550g,Staklo,MCENNEDY,3.19,10.63,20149710,Hrana,3.19
Salsa umak,0010329,0.55,500ml,Boca,El Tequito,1.99,3.98,20008642,Hrana,1.99
"Mesnata slanina, dimljena",0010913,0.25,2x125g,Atmos-Pakiranje,Dulano,3.19,12.76,4056489569978,Hrana,3.19
Chicken Strips s umakom,0011135,0.5,500g,Kart. na prekl.,El Tequito,5.49,10.98,20143060,Hrana,4.79
"Kroketi, smrznuti",0011159,0.75,750g,Vrecica,Harvest Basket,2.69,3.59,20001582,Hrana,2.69
Pommes Frites za peænicu 7x7,0011162,1,1kg,Vrecica,Harvest Basket,2.89,2.89,4056489181545,Hrana,2.89
Èips paprika,0011163,0.15,150g,Vrecica,Snack Day,1.15,7.67,20094706,Hrana,1.15
Pire krumpir instant,0011673,0.33,330g,Kart. na prekl.,Harvest Basket,1.99,6.03,20163822,Hrana,1.99
Mljeveni crni papar,0012046,0.05,50g,Staklo,Kania,1.29,25.8,20000318,Hrana,1.29
Kim,0012054,0.05,50g,Staklo,Kania,0.99,19.8,20074630,Hrana,0.99
Kelj pupèar,0012119,0.75,750g,Vrecica,Freshona,2.19,2.92,20108922,Hrana,2.19
"MSC Riblji štapiæi, 15 komada",0012139,0.45,450g,Kart. na prekl.,Ocean Sea,3.99,8.87,20155087,Hrana,3.99
Premium jogurt SK15,0012564,0.15,150g,Posudica,Milbona,1.09,7.27,20081683,Hrana,1.09
Pekan orah,0012970,0.2,200g,Vrecica,Alesto Selection,3.56,17.8,4056489682677,Hrana,3.95
"Mješavina keksa SK1, UTZ",0018682,0.45,"400g,500g",Vrecica,Sondey,3.49,8.73,20005429,Hrana,3.49
"Papir za peèenje 38x42cm, 30 kom.",0018796,0.192,30komad,Kart. na prekl.,Aromata,1.25,1.25,20174705,Proizvodi za kuæanstvo,1.25
Muffins 4kom. SK6,0021025,0.3,300g,Pakovanje,Confiserie Firenze,2.69,8.97,20139865,Hrana,2.69
Tamna èokolada,0021236,0.1,100g,Tabla,Fin Carré,1.59,15.9,20005832,Hrana,1.59
Minis Caramel,0021249,0.35,350g,Vrecica,Mister Choc,3.59,10.26,4056489232391,Hrana,3.59
Baguette pecivo SK1,0021282,0.3,300g,Vrecica,Tastino,0.99,3.3,4056489124160,Hrana,0.99
Prašak za puding èokolada,0021814,0.123,123g,Pakovanje,Belbake,0.59,4.8,4056489546887,Hrana,0.59
Sladoled štapiæ èok.-vanilija,0021909,0.504,6x120ml,Kart. na prekl.,Bon Gelati,4.99,6.93,20134105,Hrana,4.99
Cannelloni,0021959,0.25,250g,Kart. na prekl.,Italiamo,1.19,4.76,20213114,Hrana,1.19
Sladoled vanilija,0022161,0.5,1000ml,Plitica,Bon Gelati,3.49,3.49,40875125,Hrana,3.49
Umaci za tjesteninu SK8,0022470,0.34,340g,Staklo,Italiamo,2.19,6.44,20496517,Hrana,2.19
Meki bijeli sir,0022613,0.35,350g,Pakovanje,Duc de Coeur,3.19,9.11,3228022160138,Hrana,3.19
Edamer listiæi,0022750,0.2,200g,Pakovanje,Milbona,2.09,10.45,20101404,Hrana,2.19
Hrskavi kruh SK5,0022865,0.25,250g,Pakovanje,Tastino,1.29,5.16,20006167,Hrana,1.29
Hrskavi kruh SK5,0022865,0.25,250g,Pakovanje,Tastino,1.29,5.16,4056489189138,Hrana,1.29
Baguettes-francuz SK5,0022918,0.35,2x175g,Vrecica,Chef Select,2.79,7.97,4056489447559,Hrana,2.79
Baguettes-francuz SK5,0022918,0.35,2x175g,Vrecica,Chef Select,2.79,7.97,4056489455127,Hrana,2.79
Bambusove klice,0022950,0.33,370ml,Staklo,Vitasia,1.29,7.17,20103606,Hrana,1.29
Kolaè s ribanim tijestom SK10,0024334,0.4,400g,Pakovanje,Alpenfest,2.49,6.23,20122874,Hrana,2.49
"Lassi tekuæi jogurt 3,5% SK2",0024629,0.25,250g,Posudica,Vitasia,0.99,3.96,20224837,Hrana,0.99
"Lassi tekuæi jogurt 3,5% SK2",0024629,0.25,250g,Posudica,Vitasia,0.99,3.96,4304493262027,Hrana,0.99
Gotovo jelo SK33,0024750,0.4,400g,Atmos-Posudica,Culinea,4.28,10.7,4335619201170,Hrana,4.28
Losion za sunè. sa šljokicama ZF 20,0024924,0.246,250ml,PET-Boca,Cien,3.99,15.96,4056489368304,Kozmetika,3.99
Uljni sprej za sunèanje ZF 6,0024984,0.226,250ml,PET-Boca,Cien Sun,5.49,21.96,20546540,Kozmetika,5.49
Meki sir s plavom plijesni,0025914,0.25,250g,Pakovanje,Duc de Coeur,3.39,13.56,20024796,Hrana,3.39
Piškote,0026237,0.4,400g,Pakovanje,Sondey,1.75,4.38,20034153,Hrana,1.75
Fix za gulaš,0026249,0.05,50g,Vrecica,Kania,0.69,13.8,20003661,Hrana,0.69
Ekstra djev. masl. ulje Delicato,0026466,0.916,1l,Boca,Primadonna,9.99,9.99,4056489973041,Hrana,9.99
Polovice orah jezgre,0026704,0.2,200g,Vrecica,Alesto Selection,2.49,12.45,20005733,Hrana,2.49
Filet divljeg lososa SK1,0026798,0.7,700g,Kart. na prekl.,Ocean Sea,8.99,12.84,20084370,Hrana,8.99
Èetkice za zube Classic Care SK5,0027020,0.051,4komad,Pakovanje,Dentalux,0.89,0.22,4056489417750,Kozmetika,0.89
Le Cremeux ovalni meki sir,0027034,0.2,200g,Pakovanje,Duc de Coeur,1.99,9.95,20206086,Hrana,1.99
"Trajno mlijeko bez lakt. 1,5% m.m.",0027036,1.028,1l,Pakovanje,Milbona,1.39,1.39,4056489928942,Hrana,1.39
Prekooceanska mini vina SK9,0027309,0.25,"0,25l",Boca,Cimarosa,1.89,7.56,4056489763451,Piæe,1.89
Slatki kukuruz u zrnu (OM 285g),0028260,0.34,425ml,Limenka,Freshona,1.29,4.53,4056489499671,Hrana,1.29
Slatki kukuruz u zrnu (OM 285g),0028260,0.34,425ml,Limenka,Freshona,1.29,4.53,4056489500117,Hrana,1.29
"Voæni jogurt, 8 komada",0028783,1,1000g,Pakovanje,Milbona,2.99,2.99,20025960,Hrana,2.99
Tamna èok. 70%,0028823,0.125,125g,Tabla,J.D. Gross,2.99,23.92,20095291,Hrana,2.99
Flaster SK7,0028901,0.023,"20komad,40komad",Pakovanje,Sensiplast,0.89,0.02,4042441018431,Proizvodi za kuæanstvo,0.89
Flaster SK7,0028901,0.023,"20komad,40komad",Pakovanje,Sensiplast,0.89,0.02,40895352,Proizvodi za kuæanstvo,0.89
Tortilla wraps 8x20cm,0029059,0.32,320g,Pakovanje,El Tequito,1.19,3.72,4335619073456,Hrana,1.19
Tortilla èips SK1,0029068,0.2,200g,Vrecica,Vitasia,1.39,6.95,20151140,Hrana,1.39
Tortilja rolice SK1,0029069,0.125,125g,Vrecica,Snack Day,1.39,11.12,20211301,Hrana,1.39
Tortille SK4,0029070,0.24,240g,Pakovanje,El Tequito,1.29,5.38,20121532,Hrana,1.29
Uniferm Svježi kvasac,0029328,0.042,42g,Pakovanje,,0.29,0.29,41017708,Hrana,0.29
Grana Padano,0029350,0.2,200g,Vrecica,Milbona,3.09,15.45,4056489864592,Hrana,3.79
Parboiled riža u vreæici 4x125g,0029528,0.5,4x125g,Kart. na prekl.,Golden Sun,1.19,2.38,4056489168270,Hrana,1.19
Cava Semi Seco DO,0029704,0.745,"0,75l",Boca,Arestel,5.69,7.59,4056489849407,Piæe,5.69
Mješ. orašastih plodova/ voæa SK4,0029819,0.2,200g,Vrecica,Alesto Selection,1.99,9.95,20111403,Hrana,1.99
Svježi sir 0% m.m.,0029830,0.5,500g,Posudica,Pilos,1.85,3.7,20001933,Hrana,1.85
Svježi sir 0% m.m.,0029830,0.5,500g,Posudica,Pilos,1.85,3.7,4056489703969,Hrana,1.85
Èokoladni listiæi SK4,0030861,0.125,125g,Pakovanje,Mister Choc,2.99,23.92,20419189,Hrana,2.99
Èokoladni listiæi SK4,0030861,0.125,125g,Pakovanje,Mister Choc,2.99,23.92,20419196,Hrana,2.99
Desertni specijaliteti SK22,0030937,0.175,"2x85g,2x90g",Pakovanje,MCENNEDY,1.69,9.94,20809591,Hrana,1.69
Desertni specijaliteti SK22,0030937,0.175,"2x85g,2x90g",Pakovanje,MCENNEDY,1.69,9.39,20934095,Hrana,1.69
Pjenasta kupka SK16,0031129,1.03,1l,PET-Boca,Cien,2.25,2.25,4335619136724,Kozmetika,2.25
Salat Mix,0031297,0.175,175g,Vrecica,Alesto,2.39,13.66,20168414,Hrana,2.39
"""Twist"" štap. od lis. tijesta sir ",0031462,0.15,150g,Pakovanje,Snack Day,1.43,9.53,20071097,Hrana,1.59
Lasagne SK32,0032112,0.4,400g,Plitica,Chef Select,2.79,6.98,4056489708582,Hrana,2.79
Lasagne SK32,0032112,0.4,400g,Plitica,Chef Select,2.79,6.98,4056489865568,Hrana,2.79
Vodeni sladoled Space Runners,0032565,0.6,10x60ml,Kart. na prekl.,Gelatelli,2.99,4.98,20212933,Hrana,2.99
Mlijeko za sunèanje ZF 20,0034646,0.257,250ml,PET-Boca,Cien Sun,4.49,17.96,20007690,Kozmetika,4.49
Tempranillo la Mancha DO Barrica,0036258,0.75,"0,75l",Boca,Mezquiriz,2.29,3.05,4056489833659,Piæe,2.29
Kriške ananasa u vlastitom soku,0036320,0.567,580ml,Limenka,Freshona,1.89,5.56,20253929,Hrana,1.89
Topljeni sir trokutiæi SK9,0038308,0.25,250g,Pakovanje,Milbona,2.79,11.16,4056489738589,Hrana,2.79
Maslac za tijelo SK7,0038468,0.394,400ml,Kozm.posudica,Cien,2.99,7.48,20261856,Kozmetika,2.99
Maslac za tijelo SK7,0038468,0.394,400ml,Kozm.posudica,Cien,2.99,7.48,4056489665663,Kozmetika,2.99
"Kroketi od krumpira, punjeni SK4",0038685,0.6,600g,Vrecica,Alpenfest,2.79,4.65,20216252,Hrana,2.49
Mali pužiæi HWG,0038724,0.5,500g,Vrecica,Combino,1.29,2.58,20220211,Hrana,1.29
Pasta za zube SK9,0038752,0.155,125ml,Tuba,Dentalux,1.05,8.4,20060220,Kozmetika,1.05
Pasta za zube SK9,0038752,0.155,125ml,Tuba,Dentalux,1.05,8.4,4056489498087,Kozmetika,1.05
"Tamponi, razne vrste 56-80 kom. SK8",0038769,0.178,"56komad,64komad,80komad",Kart. na prekl.,Siempre,3.69,0.05,4056489722953,Proizvodi za kuæanstvo,3.69
"Tamponi, razne vrste 56-80 kom. SK8",0038769,0.178,"56komad,64komad,80komad",Kart. na prekl.,Siempre,3.69,0.06,4056489722960,Proizvodi za kuæanstvo,3.69
"Tamponi, razne vrste 56-80 kom. SK8",0038769,0.178,"56komad,64komad,80komad",Kart. na prekl.,Siempre,3.69,0.07,4056489722977,Proizvodi za kuæanstvo,3.69
"Tamponi, razne vrste 56-80 kom. SK8",0038769,0.178,"56komad,64komad,80komad",Kart. na prekl.,Siempre,3.69,0.06,4056489722977,Proizvodi za kuæanstvo,3.69
"Tamponi, razne vrste 56-80 kom. SK8",0038769,0.178,"56komad,64komad,80komad",Kart. na prekl.,Siempre,3.69,0.05,4056489722977,Proizvodi za kuæanstvo,3.69
"Tamponi, razne vrste 56-80 kom. SK8",0038769,0.178,"56komad,64komad,80komad",Kart. na prekl.,Siempre,3.69,0.07,4056489849001,Proizvodi za kuæanstvo,3.69
"Tamponi, razne vrste 56-80 kom. SK8",0038769,0.178,"56komad,64komad,80komad",Kart. na prekl.,Siempre,3.69,0.07,4056489849025,Proizvodi za kuæanstvo,3.69
Balsamico umak SK5,0039128,0.316,250ml,PET-Boca,Italiamo,1.39,5.56,8006614050051,Hrana,1.39
Balsamico umak SK5,0039128,0.316,250ml,PET-Boca,Italiamo,1.39,5.56,8006614050068,Hrana,1.39
Predjela na talijanski naèin SK16,0039135,0.288,"285g,300g",Staklo,Italiamo,2.29,7.63,20416683,Hrana,2.29
Predjela na talijanski naèin SK16,0039135,0.288,"285g,300g",Staklo,Italiamo,2.29,8.04,20422745,Hrana,2.29
Predjela na talijanski naèin SK16,0039135,0.288,"285g,300g",Staklo,Italiamo,2.29,7.63,20488833,Hrana,2.29
Pizza sa salamom,0039154,0.35,350g,Kart. na prekl.,Trattoria Alfredo,2.49,7.11,4056489450832,Hrana,2.49
Pšenièno svijetlo pivo,0039242,0.503,"0,5l",Limenka,Perlenbacher,0.95,1.9,4304493261457,Piæe,0.95
Maramice za njegu kontr. ploèe SK2,0039559,0.227,30komad,Pakovanje,W5,2.29,0.08,4056489286769,Proizvodi za kuæanstvo,2.29
Zaèini SK3,0039567,0.046,"35g,45g,65g",PET-Boca,Vitasia,0.99,1.52,20400880,Hrana,0.99
Umaci za wok SK1,0039819,0.49,490g,Staklo,Vitasia,2.19,4.47,20154202,Hrana,1.99
Kuhinjska jodirana sol,0039899,0.5,500g,Kart. na prekl.,ChanteSel,0.35,0.7,20044268,Hrana,0.35
Losion za tijelo,0039910,0.52,500ml,Boca,Cien,1.79,3.58,4335619111776,Kozmetika,1.99
Bourbon Whiskey 40% Vol.,0039987,0.664,"0,7l",Boca,Western Gold,9.99,14.27,4304493264649,Piæe,9.99
Asia umaci SK6,0040086,0.284,250ml,Boca,Vitasia,1.49,5.96,20110826,Hrana,1.49
Tortilla XXL 12x25cm,0042917,0.74,740g,Pakovanje,Snack Day,2.29,3.09,4056489918202,Hrana,2.29
Kremasti jogurt SK2,0043990,0.15,150g,Posudica,Italiamo,0.89,5.93,20257187,Hrana,0.89
Flips s kikirikijem,0044294,0.15,150g,Vrecica,Snack Day,0.99,6.6,4056489870081,Hrana,0.99
Sred. za èišæenje naplataka/insek.,0044872,0.758,750ml,PET-Boca,W5,3.29,4.39,20318345,Sredstva za èišæenje,3.29
Sred. za èišæenje naplataka/insek.,0044872,0.758,750ml,PET-Boca,W5,3.29,4.39,20581770,Sredstva za èišæenje,3.29
Curry,0045069,0.047,47g,Staklo,Kania,0.99,0.99,20249939,Hrana,0.99
Krem namaz SK5,0047428,0.2,200g,Staklo,Mister Choc,2.29,11.45,20266929,Hrana,2.29
Kikiriki prženi i slani,0048173,0.5,500g,Vrecica,-,2.29,4.58,20115302,Hrana,2.29
Vodeni sladoled Cola,0052984,0.696,6x110ml,Kart. na prekl.,Bon Gelati,3.19,4.83,4056489542742,Hrana,3.19
Tekuæi jogurt XXL SK1,0055501,1,1kg,PET-Boca,Milbona,1.89,1.89,20297244,Hrana,1.89
Tekuæi jogurt XXL SK1,0055501,1,1kg,PET-Boca,Milbona,1.89,1.89,4304493262065,Hrana,1.89
Set za èišæenje prašine,0055532,0.043,1komad,Kart. na prekl.,W5,1.49,1.49,4056489745433,Proizvodi za kuæanstvo,1.49
Èokoladni Djed Božiænjak ,0055533,0.15,150g,Pakovanje,Favorina,1.99,13.27,20301583,Hrana,1.99
Ragolds Punjeni bomboni SK5,0055579,0.034,"33,6g",Pakovanje,,0.59,0.59,4014600114056,Hrana,0.59
Ragolds Punjeni bomboni SK5,0055579,0.034,"33,6g",Pakovanje,,0.59,0.59,4014600117026,Hrana,0.59
"Prutiæi za pse SK1, 88g",0055891,0.088,88g,Pakovanje,Orlando,1.19,13.52,20307271,Proizvodi za kuæanstvo,1.19
"Prutiæi za pse SK1, 88g",0055891,0.088,88g,Pakovanje,Orlando,1.19,13.52,20307288,Proizvodi za kuæanstvo,1.19
Puding s vrhnjem (500g) SK1,0057580,0.5,500g,Posudica,Milbona Selection,1.99,3.98,20301422,Hrana,1.79
Secco Bianco,0058528,0.2,"0,2l",Limenka,Allini,0.99,4.95,4335619259652,Piæe,0.99
"Luèice, 50 kom.",0058558,0.5,50komad,Pakovanje,Livarno,3.49,0.07,20315504,Proizvodi za kuæanstvo,3.49
Ledena kava SK6,0058658,0.261,250ml,Posudica,Milbona,1.09,4.36,4304493261877,Hrana,1.09
Punjena predjela SK2 (ATG 150g),0059849,0.27,270g,Staklo,Eridanous,2.69,17.93,20532871,Hrana,2.59
Mini èokolade SK2,0059926,0.04,40g,Tabla,Fin Carré,0.89,0.89,20548858,Hrana,0.89
Mini èokolade SK2,0059926,0.04,40g,Tabla,Fin Carré,0.89,0.89,20548865,Hrana,0.89
Mini èokolade SK2,0059926,0.04,40g,Tabla,Fin Carré,0.89,0.89,20884659,Hrana,0.89
Higijenski sprej za ruke i površine,0060140,0.224,250ml,PET-Boca,W5,1.85,7.4,4056489331087,Sredstva za èišæenje,1.85
Grèki zaèini SK5,0060253,0.041,"35g,40g,50g",Limenka,Eridanous,0.79,22.57,20550103,Hrana,0.79
Grèki zaèini SK5,0060253,0.041,"35g,40g,50g",Limenka,Eridanous,0.79,19.75,20550103,Hrana,0.79
Grèki zaèini SK5,0060253,0.041,"35g,40g,50g",Limenka,Eridanous,0.79,22.57,4056489644279,Hrana,0.79
Grèki zaèini SK5,0060253,0.041,"35g,40g,50g",Limenka,Eridanous,0.79,19.75,4056489644279,Hrana,0.79
Grèki zaèini SK5,0060253,0.041,"35g,40g,50g",Limenka,Eridanous,0.79,15.8,4056489644293,Hrana,0.79
Grèki zaèini SK5,0060253,0.041,"35g,40g,50g",Limenka,Eridanous,0.79,22.57,4056489723639,Hrana,0.79
Grèki zaèini SK5,0060253,0.041,"35g,40g,50g",Limenka,Eridanous,0.79,22.57,4056489723646,Hrana,0.79
Maramice za èišæenje naoèala,0060424,0.089,54komad,Kart. na prekl.,W5,0.99,0.02,20554712,Proizvodi za kuæanstvo,0.99
Maramice za èišæenje naoèala,0060424,0.089,54komad,Kart. na prekl.,W5,0.99,0.02,4335619016224,Proizvodi za kuæanstvo,0.99
Europa šibice,0060589,0.072,10x42komad,Pakovanje,,0.59,0.59,4004753042603,Proizvodi za kuæanstvo,0.59
Dezodorans SK21,0062781,0.117,200ml,Limenka,Cien,1.29,6.45,20399139,Kozmetika,1.29
Dezodorans muški SK15,0062785,0.124,200ml,Limenka,Cien MEN,1.29,6.45,20321109,Kozmetika,1.29
Dezodorans muški SK15,0062785,0.124,200ml,Limenka,Cien MEN,1.29,6.45,4056489235972,Kozmetika,1.29
Dezodorans muški SK15,0062785,0.124,200ml,Limenka,Cien MEN,1.29,6.45,4056489525905,Kozmetika,1.29
"Gouda ribana, dozrijevana 7 tjed.",0062846,0.2,200g,Vrecica,Milbona,2.69,13.45,20619848,Hrana,2.69
Baguette 6er SK2,0062848,0.75,750g,Kart. na prekl.,Trattoria Alfredo,4.99,6.65,4056489450887,Hrana,4.99
Family Cappuccino RFA SK10,0065268,0.5,500g,Limenka,Bellarom,3.95,7.9,20684600,Piæe,3.95
Müsli voæni SK1,0065568,1,1000g,Vrecica,Crownfield,3.49,3.49,20353889,Hrana,3.49
Muffins XXL SK2,0065674,0.45,450g,Pakovanje,Confiserie Firenze,3.39,7.53,20346355,Hrana,3.39
Krema za ruke SK6,0065854,0.109,"125ml,75ml",Tuba,Cien,1.19,15.87,20334321,Kozmetika,1.19
Krema za ruke SK6,0065854,0.109,"125ml,75ml",Tuba,Cien,1.19,9.52,20334345,Kozmetika,1.19
Krema za ruke SK6,0065854,0.109,"125ml,75ml",Tuba,Cien,1.19,9.52,20864804,Kozmetika,1.19
Krema za ruke SK6,0065854,0.109,"125ml,75ml",Tuba,Cien,1.19,15.87,20864811,Kozmetika,1.19
Šunka narezana XXL,0065989,0.25,250g,Atmos-Pakiranje,Dulano,3.69,14.76,20337568,Hrana,3.69
Šunka narezana XXL,0065989,0.25,250g,Atmos-Pakiranje,Dulano,3.69,14.76,4056489789352,Hrana,3.69
Gel / piling za pranje lica SK10,0067420,0.153,150ml,Tuba,Cien,1.39,9.27,20351502,Kozmetika,1.39
Gel / piling za pranje lica SK10,0067420,0.153,150ml,Tuba,Cien,1.39,9.27,4056489246039,Kozmetika,1.39
Rošilj kobasice SK7,0067627,0.25,250g,Vakumir. pakov.,Grillmeister,2.59,10.36,20203726,Hrana,2.59
Rošilj kobasice SK7,0067627,0.25,250g,Vakumir. pakov.,Grillmeister,2.59,10.36,4056489141747,Hrana,2.59
Parizer narezan XXL,0067820,0.25,250g,Atmos-Pakiranje,Dulano,1.39,5.56,20337551,Hrana,1.39
Krumpir štapiæi SK16,0067918,0.125,125g,Vrecica,Snack Day,1.09,8.72,20277710,Hrana,1.09
Kalifornijske pistacije ,0067958,0.25,250g,Vrecica,Alesto,4.39,17.56,4335619014459,Hrana,4.39
Nektar od banane 25%,0068096,1.04,1l,Pakovanje,,1.49,1.49,20347123,Piæe,1.49
Snack od krumpira SK1,0068326,0.175,175g,Vrecica,MCENNEDY,1.69,9.66,20335052,Hrana,1.69
Pljeskavice XXL SK1,0068460,0.6,600g,Atmos-Pakiranje,Dulano,4.29,7.15,20339586,Hrana,4.29
Sir za roštilj SK1,0070128,0.28,280g,Pakovanje,Grillmeister,2.99,10.68,20364656,Hrana,2.99
Carre de l'Est ,0070476,0.25,250g,Pakovanje,Duc de Coeur,2.99,11.96,20024703,Hrana,2.99
Espresso kava u zrnu RFA,0072859,1,1000g,Vrecica,Bellarom,16.99,16.99,4056489576778,Piæe,13.99
Dimljeni losos XXL,0073887,0.22,220g,Pakovanje,Nautica,5.19,23.59,4056489147046,Hrana,6.69
Instant tjestenina SK1,0073974,0.054,"44g,50g,57g,66g",Posudica,Vitasia,1.29,19.55,20387334,Hrana,1.29
Instant tjestenina SK1,0073974,0.054,"44g,50g,57g,66g",Posudica,Vitasia,1.29,22.63,20387365,Hrana,1.29
Instant tjestenina SK1,0073974,0.054,"44g,50g,57g,66g",Posudica,Vitasia,1.29,22.63,4056489192237,Hrana,1.29
Instant tjestenina SK1,0073974,0.054,"44g,50g,57g,66g",Posudica,Vitasia,1.29,25.8,4056489192251,Hrana,1.29
Preljev za slastice SK2,0074717,0.3,300g,PET-Boca,Gelatelli,1.79,5.97,20677091,Hrana,1.79
Kroasan s krem punjenjem SK3,0074867,0.24,5x48g,Pakovanje,Maitre Jean-Pierre,1.99,8.29,20399412,Hrana,1.99
Slani pereci,0075027,0.25,250g,Vrecica,Snack Day,0.99,3.96,20399474,Hrana,0.99
Premium torta SK1,0075239,0.75,750g,Kart. na prekl.,Deluxe,7.99,10.65,20518929,Hrana,7.99
Sladoled SK40,0076562,0.513,1000ml,Plitica,Bon Gelati,3.99,3.99,20348960,Hrana,3.99
Hugo,0077503,0.75,"0,75l",Boca,Allini,2.99,3.99,4304493261716,Piæe,2.99
"Aluminijska folija 12µ, 30m",0077667,0.288,1komad,Pakovanje,Aromata,2.65,2.65,20007492,Proizvodi za kuæanstvo,2.65
"Aluminijska folija 12µ, 30m",0077667,0.288,1komad,Pakovanje,Aromata,2.65,2.65,20414276,Proizvodi za kuæanstvo,2.65
Grèki jogurt SK2,0077784,0.5,4x125g,Posudica,Milbona,1.99,3.98,4056489010739,Hrana,1.99
Kobasica za peèenje SK2,0079291,0.36,360g,Vakumir. pakov.,Grillmeister,2.99,8.31,20418724,Hrana,2.99
Ratatouille povrtni mix,0079862,0.5,500g,Vrecica,Duc de Coeur,2.29,4.58,20184476,Hrana,2.29
Ratatouille povrtni mix,0079862,0.5,500g,Vrecica,Duc de Coeur,2.29,4.58,4056489516163,Hrana,2.29
Hamburger/Hot Dog peciva SK14,0079870,0.278,"250g,300g",Vrecica,Tastino,1.19,3.97,4056489139713,Hrana,1.19
Naranèa 2kg,0080142,2,2kg,Pakovanje,,2.48,1.24,20201265,Hrana,2.48
Mrkva 1kg,0082761,1,1kg,Vrecica,,1.29,1.29,8711121000016,Hrana,1.29
Kukuruz 400g,0082864,0.4,400g,Pakovanje,,1.99,1.99,8413567031042,Hrana,1.99
Celer 200g,0082869,0.2,200g,Pakovanje,,0.89,4.45,20582470,Hrana,0.89
Šampinjoni 250g,0083015,0.25,250g,Pakovanje,,1.19,4.76,20242169,Hrana,1.19
Šampinjoni rezani 250g,0083024,0.25,250g,Pakovanje,,1.49,5.96,3859889614337,Hrana,1.49
Shiitake,0083055,0.1,100g,Pakovanje,,1.69,16.9,20305901,Hrana,1.69
Krumpir 5kg,0083228,5,5kg,Pakovanje,,3.99,0.8,20573485,Hrana,3.99
Bio rukola,0084520,0.1,100g,Pakovanje,,1.29,12.9,20239121,Hrana,1.29
Bio krastavac,0084535,0.37,1komad,Rasuto,,0.79,0.79,20239756,Hrana,0.99
Bio rajèica mini grappolo 400g,0084549,0.4,400g,Pakovanje,,1.99,4.98,20387099,Hrana,2.49
Bio paprika crvena 400g,0084589,0.4,400g,Pakovanje,,1.99,4.98,20239879,Hrana,2.49
Bio èešnjak 150g,0084614,0.15,150g,Pakovanje,,1.29,8.6,20542764,Hrana,1.29
Bio brokula 300g,0084645,0.3,300g,Pakovanje,,1.49,4.97,20229245,Hrana,1.49
Bio zaèinsko bilje,0084647,0,1komad,Lonac,,1.19,1.19,8024122184006,Hrana,1.49
Sjajilo za obuæu SK3,0087031,0.075,1komad,Nepakirano,W5,1.29,1.29,20439033,Sredstva za èišæenje,1.29
Sjajilo za obuæu SK3,0087031,0.075,1komad,Nepakirano,W5,1.29,1.29,20491345,Sredstva za èišæenje,1.29
Jogurt Duo SK1,0087634,0.175,175g,Posudica,Halloween,0.75,4.29,20441982,Hrana,0.75
Profiteroli,0088252,0.45,450g,Pakovanje,Deluxe,3.79,8.42,20444112,Hrana,3.79
Fini umaci za tjesteninu SK1,0088272,0.35,350g,Staklo,Deluxe,1.69,4.83,20448721,Hrana,1.69
Šampon protiv prhuti SK10,0088436,0.3,300ml,PET-Boca,Cien,1.29,4.3,20447144,Kozmetika,1.29
Šampon protiv prhuti SK10,0088436,0.3,300ml,PET-Boca,Cien,1.29,4.3,4056489688082,Kozmetika,1.29
Predpeèeni pileæi medaljoni SK1,0088502,0.35,350g,Kart. na prekl.,Vitasia,3.89,11.11,20437220,Hrana,3.79
Tilsiter listiæi,0088534,0.15,150g,Pakovanje,Milbona,1.99,13.27,20444044,Hrana,1.99
Gel za tuširanje 3u1 SK16,0091976,0.309,300ml,PET-Boca,Cien,1.05,3.5,20954871,Kozmetika,1.05
Gel za tuširanje 3u1 SK16,0091976,0.309,300ml,PET-Boca,Cien,1.05,3.5,4056489236221,Kozmetika,1.05
Krpe za domaæinstvo SK3,0092429,0.062,"5komad,6komad",Pakovanje,W5,1.19,0.24,20007577,Proizvodi za kuæanstvo,1.19
Èokoladica punjena kikirikijem,0092693,0.05,50g,Pakovanje,Mister Choc,0.59,11.8,20440275,Hrana,0.59
Sushi riža,0092775,0.5,500g,Samost.vreca,Vitasia,1.29,2.58,20482077,Hrana,1.29
BO Bijela žemljica,0092781,0.07,65g,Rasuto,,0.15,2.31,4056489457565,Hrana,0.13
Regenerator za kosu SK1 ,0092854,0.2,200ml,Tuba,Cien,2.19,10.95,4056489129738,Kozmetika,2.19
"Keratin lak za kosu, volumen ",0092855,0.069,250ml,Limenka,Cien,2.25,9,20301842,Kozmetika,2.25
"Jalapenos u komadiæima, ATG: 160g",0093000,0.35,370ml,Staklo,El Tequito,1.19,7.44,20484804,Hrana,1.19
Miješano povræe,0093184,0.75,750g,Vrecica,Freshona,1.59,2.12,20486099,Hrana,1.59
Kremasti kefir SK4,0094282,0.25,250g,Posudica,Pilos,0.99,3.96,20476946,Hrana,0.99
Kremasti kefir SK4,0094282,0.25,250g,Posudica,Pilos,0.99,3.96,20490591,Hrana,0.99
Kremasti kefir SK4,0094282,0.25,250g,Posudica,Pilos,0.99,3.96,20713966,Hrana,0.99
"Grašak s mrkvom, OM 265g",0094482,0.4,425ml,Limenka,Freshona,1.29,4.87,20519100,Hrana,1.29
Tortelloni XXL SK7,0095124,0.5,500g,Vrecica,Chef Select,2.35,4.7,20488468,Hrana,2.35
"Riblji štapiæi, panirani XXL",0096120,0.9,900g,Kart. na prekl.,Ocean Sea,6.99,7.77,20532444,Hrana,6.99
Gotova jela SK3,0097242,0.35,350g,Plitica,Vitasia,3.29,9.4,20416034,Hrana,2.99
Gotova jela SK3,0097242,0.35,350g,Plitica,Vitasia,3.29,9.4,20416041,Hrana,2.99
BO Croissant s pureæom hrenovkom,0097504,0.095,90g,Rasuto,,0.89,9.89,4335619076938,Hrana,0.89
Trans. sprej za sunèanje ZF 30,0097729,0.224,250ml,PET-Boca,Cien Sun,6.99,27.96,20546519,Kozmetika,6.99
Trans. sprej za sunèanje ZF 30,0097729,0.224,250ml,PET-Boca,Cien Sun,6.99,27.96,4335619130517,Kozmetika,6.99
Indijski orašèiæi SK8,0097783,0.15,150g,Vrecica,Alesto,1.99,13.27,4056489104230,Hrana,1.99
Hrana za maèke premium SK16,0097851,1.2,12x100g,Kart. na prekl.,Coshida,4.19,3.49,20532321,Proizvodi za kuæanstvo,4.19
Sladoled štapiæ van./èok. SK1,0099218,0.033,60ml,Pakovanje,Ballino,0.35,5.83,20568245,Hrana,0.29
o.b. Tamponi SK1,0099299,0.052,"54komad,64komad",Kart. na prekl.,,4.29,0.07,3574661128603,Proizvodi za kuæanstvo,4.29
o.b. Tamponi SK1,0099299,0.052,"54komad,64komad",Kart. na prekl.,,4.29,0.07,3574661128658,Proizvodi za kuæanstvo,4.29
o.b. Tamponi SK1,0099299,0.052,"54komad,64komad",Kart. na prekl.,,4.29,0.07,3574661582481,Proizvodi za kuæanstvo,4.29
Higijenski gel za ruke,0099369,0.01,50ml,PET-Boca,Cien,0.89,17.8,20488970,Kozmetika,0.89
Višekratna vreæica,0099430,0.175,1komad,Nepakirano,-,1.19,1.19,4056489506997,Proizvodi za kuæanstvo,1.19
Listovi od tapioke i riže,0099720,0.25,250g,Vrecica,Vitasia,2.19,8.76,4056489577959,Hrana,2.19
BENGAL El. ap. protiv komaraca nad.,0099899,0.09,1komad,Pakovanje,,3.49,3.49,8008090078185,Proizvodi za kuæanstvo,3.49
Kiseli krastavci narezani,0105014,0.67,720ml,Staklo,MCENNEDY,1.49,3.73,20622411,Hrana,1.49
Fondant masa SK1,0106499,0.25,250g,Pakovanje,Belbake,1.49,5.96,20601621,Hrana,1.49
Focaccia SK9,0106511,0.3,300g,Vrecica,Chef Select,1.99,6.63,4335619250611,Hrana,1.99
Šeæer u prahu,0106988,0.25,250g,Limenka,Belbake,1.09,4.36,20624286,Hrana,1.09
Šeæer u prahu,0106988,0.25,250g,Limenka,Belbake,1.09,4.36,4056489036937,Hrana,1.09
Šeæer u prahu,0106988,0.25,250g,Limenka,Belbake,1.09,4.36,4056489233190,Hrana,1.09
Premium Sol u mlincu SK11,0108674,0.153,"180g,70g",Staklo,Deluxe,3.89,21.61,20611750,Hrana,3.89
Premium Sol u mlincu SK11,0108674,0.153,"180g,70g",Staklo,Deluxe,3.89,21.61,20611781,Hrana,3.89
Premium Sol u mlincu SK11,0108674,0.153,"180g,70g",Staklo,Deluxe,3.89,55.57,4056489010326,Hrana,3.89
Premium Sol u mlincu SK11,0108674,0.153,"180g,70g",Staklo,Deluxe,3.89,21.61,4056489010326,Hrana,3.89
Pasirana rajèica,0109317,0.7,720ml,Boca,Baresa,1.69,2.35,20620615,Hrana,1.69
Tekuæi puder SK7,0111947,0.034,30ml,Tuba,Cien,2.89,2.89,20065454,Kozmetika,2.89
Tekuæi puder SK7,0111947,0.034,30ml,Tuba,Cien,2.89,2.89,20667986,Kozmetika,2.89
Maslac za usne SK10,0112665,0.008,"3,3ml",Pakovanje,Cien,2.49,2.49,20907884,Kozmetika,2.49
Maslac za usne SK10,0112665,0.008,"3,3ml",Pakovanje,Cien,2.49,2.49,20955045,Kozmetika,2.49
Hrskave žitne pahuljice,0112697,0.5,500g,Kart. na prekl.,Crownfield,2.69,5.38,20641627,Hrana,2.69
Monteravy Mlij.-lješnjak dessert,0113269,0.36,6x60g,Pakovanje,Pilos,1.49,4.14,20622473,Hrana,1.49
Seljaèka šunka XXL,0113512,0.3,300g,Atmos-Pakiranje,Dulano,4.69,15.63,20625603,Hrana,4.69
Sirni namaz SK27,0115249,0.11,"100g,125g",Pakovanje,Alpenfest,1.89,15.12,20476915,Hrana,1.79
Sirni namaz SK27,0115249,0.11,"100g,125g",Pakovanje,Alpenfest,1.89,18.9,20476922,Hrana,1.79
"Gumene rukavice, 2 para SK3",0115731,0.04,4komad,Pakovanje,W5,0.99,0.25,20655013,Proizvodi za kuæanstvo,0.99
Focaccini SK1,0115956,0.3,300g,Vrecica,Chef Select,1.99,6.63,20696870,Hrana,1.99
Focaccini SK1,0115956,0.3,300g,Vrecica,Chef Select,1.99,6.63,4056489856177,Hrana,1.99
Mini Mozzarella SK3,0116839,0.125,125g,Posudica,Milbona,1.39,11.12,20098988,Hrana,1.39
Mini Mozzarella SK3,0116839,0.125,125g,Posudica,Milbona,1.39,11.12,4056489126874,Hrana,1.39
Lak za nokte SK1,0116872,0.011,11ml,Boca,Cien,1.45,1.45,20657024,Kozmetika,1.45
Slani stapiæi XXL,0117437,0.3,300g,Pakovanje,Snack Day,0.99,3.3,20724214,Hrana,0.99
Èokoladni listiæi s mentom,0117689,0.2,200g,Kart. na prekl.,Hatherwood,2.99,14.95,20706852,Hrana,2.99
Desertni specijaliteti SK5,0117872,0.45,450g,Pakovanje,Italiamo,3.49,7.76,20724474,Hrana,3.49
Peterostruka britvica,0118123,0.022,1komad,Kart. na prekl.,Cien,5.29,5.29,4056489467762,Kozmetika,5.29
"Crni grah, ATG: 240ml",0118363,0.4,425ml,Limenka,El Tequito,0.79,3.29,20703769,Hrana,0.79
Vruæa èokolada na štapiæu SK2,0118894,0.06,60g,Pakovanje,Deluxe,1.59,26.5,20158194,Hrana,1.59
Vruæa èokolada na štapiæu SK2,0118894,0.06,60g,Pakovanje,Deluxe,1.59,26.5,20725341,Hrana,1.59
Bulgur Salata SK5,0119137,0.213,"200g,250g",Plitica,Chef Select,1.79,8.95,20757861,Hrana,1.79
Orijentalni zaèini SK1,0119146,0.074,"60g,65g,75g,80g,85g",Vrecica,1001 delights,1.19,1.49,20840013,Hrana,1.19
Orijentalni zaèini SK1,0119146,0.074,"60g,65g,75g,80g,85g",Vrecica,1001 delights,1.19,1.59,20840037,Hrana,1.19
Orijentalni zaèini SK1,0119146,0.074,"60g,65g,75g,80g,85g",Vrecica,1001 delights,1.19,1.49,4056489936558,Hrana,1.19
Orijentalni zaèini SK1,0119146,0.074,"60g,65g,75g,80g,85g",Vrecica,1001 delights,1.19,1.98,4056489936565,Hrana,1.19
Orijentalni zaèini SK1,0119146,0.074,"60g,65g,75g,80g,85g",Vrecica,1001 delights,1.19,1.98,4056489936596,Hrana,1.19
Orijentalni zaèini SK1,0119146,0.074,"60g,65g,75g,80g,85g",Vrecica,1001 delights,1.19,1.49,4056489936596,Hrana,1.19
Bio mahunarke SK3,0119562,0.5,500g,Samost.vreca,Golden Sun,1.99,3.98,4335619062375,Hrana,1.99
Balzam za usne SK5,0119613,0.005,1komad,Pakovanje,Cien,0.99,0.99,4056489639855,Kozmetika,0.99
Zeleni èaj UTZ SK21,0119798,0.044,"25x1,75g",Kart. na prekl.,Lord Nelson,1.29,1.29,20097011,Piæe,1.29
Zeleni èaj UTZ SK21,0119798,0.044,"25x1,75g",Kart. na prekl.,Lord Nelson,1.29,1.29,20769468,Piæe,1.29
Mozzarella ribana XXL,0122300,0.5,500g,Vrecica,Milbona,4.39,8.78,4056489326625,Hrana,4.39
NZL Sauvignon Blanc Marlbor. (EUA),0122673,0.75,"0,75l",Boca,Cimarosa,7.99,10.65,20821425,Piæe,7.99
Hamburger pecivo sa sjem. 4kom,0123440,0.32,320g,Vrecica,McEnnedy,0.99,3.09,20836573,Hrana,0.99
Sladoled kornet XXL,0123736,0.608,8x120ml,Kart. na prekl.,Bon Gelati,2.99,3.11,20847425,Hrana,3.09
BO Okruglice od svježeg sira,0124029,0.028,28g,Rasuto,,0.29,0.29,4334035106083,Hrana,0.29
Mini Mix gumenih bombona SK5,0124407,0.3,300g,Vrecica,Sweet Corner,2.69,8.97,20754068,Hrana,2.69
Mini Mix gumenih bombona SK5,0124407,0.3,300g,Vrecica,Sweet Corner,2.69,8.97,20754075,Hrana,2.69
Bio djeèji voæni sir,0127747,0.6,12x50g,Pakovanje,Milbona,2.69,4.48,20907426,Hrana,2.69
"Seljaèka šunka, dimljena SK10",0127892,0.08,80g,Atmos-Pakiranje,Dulano,1.79,22.38,20908409,Hrana,1.59
Glossy Gel Lak za nokte SK18,0128299,0.011,11ml,Boca,Cien Beauty,1.15,1.15,4056489269809,Kozmetika,1.15
Glossy Gel Lak za nokte SK18,0128299,0.011,11ml,Boca,Cien Beauty,1.15,1.15,4056489273042,Kozmetika,1.15
Glossy Gel Lak za nokte SK18,0128299,0.011,11ml,Boca,Cien Beauty,1.15,1.15,4056489750000,Kozmetika,1.15
Glossy Gel Lak za nokte SK18,0128299,0.011,11ml,Boca,Cien Beauty,1.15,1.15,4056489751441,Kozmetika,1.15
"Mesne okruglice na grèki naèin, SK1",0128492,0.28,280g,Atmos-Pakiranje,Eridanous,2.39,8.54,20871772,Hrana,2.39
Svinjska koljenica Sous vide,0128564,0.6,600g,Kart. na prekl.,Alpenfest,4.99,8.32,20918552,Hrana,4.99
Grandioso puding SK7,0128681,0.175,175g,Posudica,Milbona,0.69,3.94,4056489665748,Hrana,0.69
Grandioso puding SK7,0128681,0.175,175g,Posudica,Milbona,0.69,3.94,4056489665755,Hrana,0.69
Nektar SK1,0128874,1.04,1l,Pakovanje,Vitasia,1.99,1.99,20920661,Piæe,1.99
Vreæice za zamrzavanje [50µ] SK2,0131735,0.127,"15komad,20komad",Pakovanje,Aromata,1.85,0.09,20991319,Proizvodi za kuæanstvo,1.85
Bio kašica laku noæ keks,0131983,0.19,190g,Staklo,Lupilu,1.05,5.53,4056489894421,Hrana,1.05
Bio voæna kašica sa žitaricama,0131986,0.19,190g,Staklo,Lupilu,0.97,5.11,4056489894452,Hrana,0.97
Konac za zube SK15,0132609,0.04,1komad,Blister,Dentalux,1.85,1.85,20524920,Kozmetika,1.85
Risotto SK2,0132819,0.175,175g,Kart. na prekl.,Italiamo,1.89,10.8,40877464,Hrana,1.89
Hairvital Regenerator za kosu SK5,0133014,0.248,250ml,PET-Boca,Cien,1.49,5.96,20978471,Kozmetika,1.49
Hairvital Šampon za kosu SK5,0133026,0.309,300ml,PET-Boca,Cien,1.29,4.3,20978419,Kozmetika,1.29
Hairvital Šampon za kosu SK5,0133026,0.309,300ml,PET-Boca,Cien,1.29,4.3,4056489152774,Kozmetika,1.29
Pomfrit od batata,0135175,0.5,500g,Vrecica,Harvest Basket,2.99,5.98,4056489150398,Hrana,2.99
Men Pjena za brijanje Hydro,0135240,0.293,300ml,Limenka,Cien,1.55,5.17,4335619129931,Kozmetika,Nije_bilo_u_prodaji_02.05.2025
Pacifièke kozice u umaku SK12,0135387,0.1,100g,Sortirano,Vitasia,2.69,26.9,4056489421429,Hrana,2.69
Zaèinski mlinac SK64,0135864,0.035,35g,Staklo,Kania,1.99,1.99,20046903,Hrana,1.99
Pinot Noir Vin de France,0135965,0.75,"0,75l",Boca,-,3.49,4.65,4056489415138,Piæe,3.49
Tekuæi det. za pr. rublja SK1 27pr.,0136086,1.53,"1,485l",PET-Boca,Formil,3.85,2.59,4056489186601,Sredstva za èišæenje,3.85
Jednokratne rukavice SK3,0136355,0.373,100komad,Kart. na prekl.,W5,5.99,0.06,4056489697220,Proizvodi za kuæanstvo,5.99
Craft pivo SK1,0137230,0.5,"0,5l",Limenka,-,1.39,2.78,4054500121020,Piæe,1.29
Craft pivo SK1,0137230,0.5,"0,5l",Limenka,-,1.39,2.78,4054500440916,Piæe,1.29
Craft pivo SK1,0137230,0.5,"0,5l",Limenka,-,1.39,2.78,4054500440930,Piæe,1.29
Žvakaæe gume SK1,0137289,0.098,98g,Limenka,Jetgum,1.49,15.2,4056489322702,Hrana,1.49
Žvakaæe gume SK1,0137289,0.098,98g,Limenka,Jetgum,1.49,15.2,4056489322719,Hrana,1.49
Sladilo u tabletama bez laktoze,0139500,0.072,72g,Dozator,Belbake,1.39,19.31,4056489664567,Hrana,1.39
Pecorino Terre di Chieti IGP,0139629,0.75,"0,75l",Boca,-,3.49,4.65,4056489786184,Piæe,3.49
Sok od koncentrata limuna 100% SK2 ,0139917,0.207,200ml,PET-Boca,Solevita,0.69,3.45,4056489009412,Piæe,0.69
Sok od koncentrata limuna 100% SK2 ,0139917,0.207,200ml,PET-Boca,Solevita,0.69,3.45,4304493266292,Piæe,0.69
Zeleni èaj RFA SK1,0140030,0.044,"25x1,75g",Kart. na prekl.,Vitasia,1.09,1.09,4056489350927,Piæe,0.99
Zeleni èaj RFA SK1,0140030,0.044,"25x1,75g",Kart. na prekl.,Vitasia,1.09,1.09,4056489350941,Piæe,0.99
Kakao s vitaminima RFA,0140050,0.8,800g,Limenka,Goody Cao,4.99,6.24,4334035316826,Piæe,4.99
Riblji tapas s umakom SK7,0140211,0.1,100g,Atmos-Posudica,Vitasia,2.49,24.9,20249748,Hrana,2.49
Hrana za pse SK1,0141357,0.4,4x100g,Pakovanje,Orlando Pure Taste,2.49,6.23,20306014,Proizvodi za kuæanstvo,2.39
Pure Taste Suha hrana za maèke SK1 ,0141827,0.4,400g,Vrecica,Coshida Pure Taste,1.99,4.98,4056489017110,Proizvodi za kuæanstvo,1.99
Mlj. èok. s raznim punjenjem SK1,0144007,0.299,"295g,300g",Tabla,Fin Carré,4.49,15.22,4056489030034,Hrana,4.49
Razlièiti deserti SK10,0144346,0.5,500g,Pakovanje,Deluxe,3.79,7.58,4056489102663,Hrana,3.79
Deterdžent za rublje 100pr SK1,0144674,5.05,5l,PET-Boca,Maxitrat,9.99,0.1,20083595,Sredstva za èišæenje,9.99
Grèki jogurt 10% XXL,0144864,1.1,1100g,Kanta,Milbona,3.29,2.99,4056489035367,Hrana,3.29
Vreæice za zamrzavanje sa zatvaraè.,0144915,0.228,40komad,Kart. na prekl.,Aromata,1.85,0.05,4056489035732,Proizvodi za kuæanstvo,1.85
Sladoled na štapiæu XXL,0145062,0.672,8x120ml,Kart. na prekl.,Bon Gelati,5.49,5.72,4056489036630,Hrana,5.49
Sladoled na štap. bijel.èoko-badem,0145064,0.672,8x120ml,Kart. na prekl.,Bon Gelati,5.49,5.72,4056489375203,Hrana,5.49
Picco Pizzi SK12,0146099,0.36,360g,Kart. na prekl.,Trattoria Alfredo,3.99,11.08,20316389,Hrana,3.99
Picco Pizzi SK12,0146099,0.36,360g,Kart. na prekl.,Trattoria Alfredo,3.99,11.08,4056489443001,Hrana,3.99
Way to go mlij. èok. 32% kar. i sol,0148380,0.18,180g,Tabla,Fin Carré,3.49,19.39,4056489156208,Hrana,3.49
"Meksiko pivo 4,5%",0148467,0.332,"0,33l",Boca,Camaro,0.99,3,4304493264946,Piæe,0.99
Francuski specijaliteti SK1,0148724,0.08,80g,Atmos-Pakiranje,French Style,2.69,33.63,4056489168058,Hrana,2.69
Bio èaj SK2,0149602,0.038,"20x1,8g,20x2g",Kart. na prekl.,Lord Nelson,1.99,1.99,4056489182283,Piæe,1.99
Pina Colada 17%,0149869,0.76,"0,7l",Boca,,4.99,7.13,4304493267923,Piæe,3.49
Margarita 25% Vol.,0149873,0.7,"0,7l",Boca,,4.99,7.13,4304493271067,Piæe,3.99
Kapsule Gold Lungo,0149952,0.255,"255,2g",Kart. na prekl.,Bellarom,7.49,29.35,4334035913636,Piæe,7.49
"Orašasti plodovi, kandirani SK3",0150218,0.2,200g,Vrecica,Alpenfest,2.19,10.95,4056489201816,Hrana,2.19
Dezodorans SK16,0150788,0.053,50ml,PET-Boca,Cien,1.05,21,4056489643616,Kozmetika,1.05
Dezodorans SK17,0150789,0.052,50ml,PET-Boca,Cien,1.05,21,4056489643661,Kozmetika,1.05
Protein Quark SK1,0150835,0.2,200g,Posudica,Pilos,1.29,6.45,4056489216247,Hrana,1.29
Tijesto za focacciu,0151159,0.385,385g,Vrecica,Italiamo,1.59,4.13,20032746,Hrana,1.59
"Tek. deterdž., konc., 28pranja SK5 ",0151372,1.036,1l,PET-Boca,Formil,3.99,3.99,4056489441779,Sredstva za èišæenje,3.99
Deterdžent za pranje rublja 50pr.,0151385,3.75,"3,75kg",Pakovanje,Maxitrat,4.69,1.25,4056489940319,Sredstva za èišæenje,5.69
Deterdžent za pranje rublja 112pr.,0151386,8.4,"8,4kg",Pakovanje,Maxitrat,10.75,1.28,4056489225409,Sredstva za èišæenje,10.75
Deterdžent za pranje rublja 112pr.,0151386,8.4,"8,4kg",Pakovanje,Maxitrat,10.75,0.1,4056489940340,Sredstva za èišæenje,10.75
Pizza Margherita bez glutena,0154508,0.333,333g,Kart. na prekl.,Trattoria Alfredo,3.99,11.98,4056489279396,Hrana,3.99
Zaèini SK1,0154517,0.127,"100g,120g,140g,130g",Limenka,Kania,1.69,12.07,4056489279440,Hrana,1.69
Zaèini SK1,0154517,0.127,"100g,120g,140g,130g",Limenka,Kania,1.69,12.07,4056489279464,Hrana,1.69
Spužva za pranje posuða SK3,0155075,0.056,6komad,Traka,W5,0.75,0.13,4056489299080,Proizvodi za kuæanstvo,0.75
"Saeby Fil. skuše u su. ulju, OM 85g",0155640,0.125,125g,Limenka,,1.29,15.18,5701101200027,Hrana,1.59
Èips SK3,0156667,0.125,125g,Vrecica,Italiamo,1.2,9.6,4056489421269,Hrana,1.2
Sredstvo za èišæenje sa spužvom SK1,0156905,0.425,"300g,400g,500g",Limenka,W5,2.39,7.97,4056489322832,Sredstva za èišæenje,2.39
High Protein Pizza SK3,0156963,0.264,"254g,274g",Kart. na prekl.,Trattoria Alfredo,3.99,1.46,4056489539797,Hrana,3.99
Osvježivaè za hladnjak,0157292,0.04,40g,Blister,W5,1.29,32.25,4056489849926,Sredstva za èišæenje,1.29
Hrana za pse SK1,0157519,0.415,415g,Limenka,Orlando,0.99,2.39,4056489330448,Proizvodi za kuæanstvo,0.99
Nature Deo Roll-on SK1  ,0158145,0.059,"50ml,75ml",Pakovanje,Cien Nature,2.25,30,4056489329848,Kozmetika,2.25
Nature Balzam za kosu SK1,0158153,0.199,200ml,PET-Boca,Cien Nature,2.29,11.45,4056489329787,Kozmetika,2.29
Nature Balzam za kosu SK1,0158153,0.199,200ml,PET-Boca,Cien Nature,2.29,11.45,4056489671848,Kozmetika,2.29
Veganski pesto umak SK1,0162808,0.19,190g,Staklo,Vemondo,1.59,8.37,4056489441281,Hrana,1.59
Mljeveni muškatni orašèiæi,0162815,0.045,45g,Staklo,Kania,1.19,1.19,4056489441335,Hrana,1.19
Pesto XXL SK1,0162835,0.55,550g,Staklo,Baresa,3.99,7.25,4056489441427,Hrana,3.99
Spužvice,0163079,0.075,30komad,Pakovanje,W5,1.99,0.07,4056489443582,Proizvodi za kuæanstvo,1.99
Papir za peèenje XXL,0163167,0.223,35komad,Pakovanje,Aromata,1.25,0.04,4056489447146,Proizvodi za kuæanstvo,1.25
Salata od kupusa,0163168,0.4,400g,Plitica,Eridanous,1.59,3.98,4056489447184,Hrana,1.59
Maslac od kikirikija SK4,0163186,0.454,454g,Staklo,Maribel,3.05,6.72,4056489424925,Hrana,3.05
Mješavina orašastih plodova,0163315,0.2,200g,Samost.vreca,Alesto,2.69,13.45,4056489449966,Hrana,2.99
Jednokratna dvostruka britvica,0163332,0.028,5komad,Vrecica,Cien,0.89,0.18,4056489450191,Kozmetika,0.89
Ron Rumbero Kubanski rum 38%,0163667,0.7,"0,7l",Boca,-,10.99,15.7,4251479400013,Piæe,10.99
Gotova jela za tavu,0163876,0.75,750g,Vrecica,Sol&Mar,3.89,5.19,4056489455592,Hrana,3.89
Vitaminska voda SK1,0163933,0.508,"0,5l",PET-Boca,Saguaro,0.99,1.98,4304493268319,Piæe,0.99
Mediteranski mix predjela,0165147,0.4,400g,Plitica,Eridanous,3.69,9.23,4056489463337,Hrana,3.69
Svježi zrnati sir bez laktoze,5002090,0.2,200g,Posudica,Milbona,1.49,7.45,20628130,Hrana,1.49
"Bio Lassi Mango 3,6%",5008669,0.23,230ml,Posudica,Milbona,0.99,4.3,4056489449843,Hrana,0.99
Knedle sa sviježim sirom SK1,5008681,0.41,410g,Kart. na prekl.,Alpenfest,2.79,6.8,4056489117650,Hrana,2.79
L.Casei Active Drink SK1,5010625,0.4,4x100g,Pakovanje,Milbona,1.35,3.38,4056489630807,Hrana,1.35
L.Casei Active Drink SK1,5010625,0.4,4x100g,Pakovanje,Milbona,1.35,3.38,4056489630920,Hrana,1.35
Veganski high protein napitak SK1,5011923,0.35,350g,PET-Boca,Vemondo,1.59,4.54,4335619038400,Hrana,1.59
Svježi sir s pestom SK1,5011933,0.15,150g,Posudica,Deluxe,1.99,13.27,28987169,Hrana,1.99
Kobasice SK1,5012498,0.18,180g,Atmos-Pakiranje,Deluxe,2.47,13.72,4335619223479,Hrana,2.47
Sir Monterey Jack u listiæima,5200217,0.2,200g,Pakovanje,McEnnedy,3.99,19.95,4056489334576,Hrana,3.99
Sirevi SK1,5200709,0.14,140g,Pakovanje,Hatherwood,2.99,21.36,4056489712053,Hrana,2.99
Britanski Cheddar sir SK3,5200784,0.25,250g,Pakovanje,Deluxe,3.29,13.16,20575403,Hrana,3.29
Cheddar sir SK2,5200949,0.15,150g,Pakovanje,Milbona,2.39,15.93,20575342,Hrana,2.39
Cake Angels Ukrasi za tortu SK2,5202468,0.113,"102g,113g,123g",Posudica,,2.59,21.06,5030101027946,Hrana,3.29
Mješavina prhkog tijesta od maslaca,5202789,0.5,500g,Kart. na prekl.,Favorina,11.99,23.98,20607210,Hrana,11.99
Žitne pahuljice SK3,5501912,0.25,250g,Vrecica,Crownfield,1.69,6.76,20290436,Hrana,1.69
Slanina XXL SK1,5505516,0.13,130g,Atmos-Pakiranje,Pikok,1.19,9.15,20762742,Hrana,1.19
Kruh bez glutena SK1,5506073,0.25,250g,Vrecica,Tastino,1.99,7.96,20818661,Hrana,1.99
Osvježivaè zraka SK4,5507867,0.425,425g,PET-Boca,W5,1.69,3.98,20931582,Sredstva za èišæenje,1.69
Osvježivaè zraka SK4,5507867,0.425,425g,PET-Boca,W5,1.69,3.98,4056489878575,Sredstva za èišæenje,1.69
"Biljni èaj, kopriva, 20x1,5g-FS",5507938,0.03,30g,Kart. na prekl.,Lord Nelson,0.59,0.59,20859732,Piæe,0.59
Piæe od više vrsta voæa 20% SK3,5512955,0.41,"0,4l",PET-Boca,Solevita,0.99,2.48,4304493258389,Piæe,0.99
Tekuæi sapun SK2,5514468,0.52,500ml,PET-Boca,Cien,0.89,1.78,20982775,Kozmetika,0.89
Tekuæi sapun SK1,5514501,1.05,1l,Samost.vreca,Cien,0.99,0.99,20982829,Kozmetika,1.59
Pašteta SK3,5516355,0.13,130g,Atmos-Posudica,Baroni,0.59,4.54,20063849,Hrana,0.59
Pašteta SK3,5516355,0.13,130g,Atmos-Posudica,Baroni,0.59,4.54,20063870,Hrana,0.59
Pašteta SK3,5516355,0.13,130g,Atmos-Posudica,Baroni,0.59,4.54,4056489587002,Hrana,0.59
"Šam., gel i kupka 3u1 SK6",5516395,0.515,500ml,PET-Boca,Cien,1.69,3.38,20014261,Kozmetika,1.69
"Šam., gel i kupka 3u1 SK6",5516395,0.515,500ml,PET-Boca,Cien,1.69,3.38,20014339,Kozmetika,1.69
Vlažne maramice za èišæenje SK3,5516867,0.439,"50komad,60komad",Pakovanje,W5,1.49,0.03,4056489261292,Proizvodi za kuæanstvo,1.49
Vlažne maramice za èišæenje SK3,5516867,0.439,"50komad,60komad",Pakovanje,W5,1.49,0.03,4056489783855,Proizvodi za kuæanstvo,1.49
Kobasica za pse SK5,5517676,1,1000g,Vakumir. pakov.,Orlando,1.49,1.49,20146481,Proizvodi za kuæanstvo,1.49
"Balviten Ciabatta, 4x50g",5518950,0.2,200g,Vrecica,,1.69,8.45,5907653104176,Hrana,1.69
Mirisne luèice SK7 ,5519199,0.214,18komad,Pakovanje,-,1.59,0.09,4056489535935,Proizvodi za kuæanstvo,1.59
Sapun iz Provanse SK10,5603194,0.1,100g,Pakovanje,Duc de Coeur,0.79,7.9,3511720115143,Kozmetika,0.79
Sapun iz Provanse SK10,5603194,0.1,100g,Pakovanje,Duc de Coeur,0.79,7.9,4056489566281,Kozmetika,0.79
Keks Bacino,5612562,0.336,336g,Kart. na prekl.,Italiamo,3.29,9.79,4056489370161,Hrana,3.29
Pita s porilukom,5617736,0.4,400g,Kart. na prekl.,Duc de Coeur,2.19,5.48,4056489759409,Hrana,2.19
Di'Vin Mix Rosé Fraise,5621094,0.75,"0,75l",Boca,,2.19,2.92,3262850049562,Piæe,2.19
Fileti inæuna SK3,5713057,0.11,110g,Vakumir. pakov.,Sol&Mar,2.99,27.18,20190132,Hrana,2.99
Parfem Victory,5715017,0.085,100ml,Boca,Suddenly,5.99,59.9,4056489575290,Kozmetika,5.99
BIO Wellness èaj SK8,5716102,0.024,12x2g,Karton,Lord Nelson,2.39,99.58,20189211,Piæe,2.99
Block Magic Zitronella svijeæe èaša,5717412,0.125,125g,Pakovanje,Block Magic,1.99,15.92,4056489749097,Sredstva za èišæenje,1.99
Punjene masline SK1,5717443,0.41,"410ml, 425ml",Limenka,Sol&Mar,1.79,4.21,4056489748106,Hrana,1.79
Gin&Tonic bezalk.,5719812,0.25,250ml,Limenka,Gin Nostrum,1.29,5.16,4335619109186,Piæe,1.16
Pecivo s kobasicom,5905014,0.11,110g,Rasuto,,0.79,7.18,20923495,Hrana,0.79
Svježi tortelloni SK4,6000079,0.25,250g,Atmos-Posudica,Deluxe,1.69,6.76,20284510,Hrana,1.69
Zelene masline,6000150,0.7,720ml,Staklo,Italiamo,2.29,3.18,20118174,Hrana,2.29
Svježe punjena tjestenina SK6,6000209,0.25,250g,Atmos-Posudica,Chef Select,1.49,5.96,20498948,Hrana,1.49
Svježe punjena tjestenina SK6,6000209,0.25,250g,Atmos-Posudica,Chef Select,1.49,5.96,20850531,Hrana,1.49
Ljuta salama Napoli,6000218,0.32,320g,Atmos-Pakiranje,Italiamo,2.99,9.34,20531560,Hrana,2.99
Burrata meki sir,6000486,0.2,200g,Plitica,Italiamo,2.69,13.45,4056489230465,Hrana,2.69
Gorgonzola XXL,6000497,0.3,300g,Pakovanje,Milbona,3.79,12.63,20098117,Hrana,3.79
Mascarpone 41% m.m.,6009177,0.25,250g,Posudica,Milbona,2.39,9.56,4056489098591,Hrana,2.39
Šunka s tartufom,6009422,0.1,100g,Atmos-Pakiranje,Deluxe,3.59,35.9,4056489099468,Hrana,3.59
Salame,6009957,0.36,3x120g,Pakovanje,Deluxe,6.59,18.31,4056489162162,Hrana,6.59
Šarena tjestenina s uskrs. motivima,6011542,0.5,500g,Vrecica,Combino,1.19,2.38,4056489346272,Hrana,1.19
Burrata bez laktoze,6012306,0.125,125g,Posudica,Milbona,2.19,17.52,4056489420255,Hrana,2.19
Lasagne,6012746,0.5,500g,Kart. na prekl.,Italiamo,1.59,3.18,4056489468950,Hrana,1.59
Umak od cherry rajèica,6013629,0.33,330g,Boca,Italiamo,1.39,4.21,4056489524090,Hrana,1.39
"Inæuni u maslinovom ulju, ATG: 44g",6015505,0.08,80g,Staklo,Nixe,2.39,54.32,4056489796787,Hrana,2.39
Punjeni krumpiri feta/masline,6016621,0.4,400g,Plitica,Eridanous,2.29,5.73,4056489891451,Hrana,2.29
Mozzarella u listiæima,6016692,0.2,200g,Atmos-Posudica,Milbona,2.65,13.25,4056489891642,Hrana,2.65
Svježa tjestenina SK71,6017515,0.25,250g,Atmos-Posudica,Deluxe,1.89,7.56,4056489721024,Hrana,1.89
Biskvit s mlijeènim punjenjem,6018362,0.14,5x28g,Pakovanje,Milbona,1.69,12.07,4335619144989,Hrana,1.69
Kokice s okusom maslaca,6402919,0.3,3x100g,Vrecica,Snack Day,1.39,4.63,20754747,Hrana,1.39
Stolno bijelo vino,6402929,2,2l,PET-Boca,-,2.49,1.25,4056489338093,Piæe,2.79
"Svježa salata, talijanska",6403198,0.2,200g,Pakovanje,Chef Select,2.65,13.25,20150860,Hrana,2.65
Mješavina salata SK4,6403207,0.185,"170g,200g",Vrecica,Chef Select,1.19,7,20755652,Hrana,1.19
Paprika pasta SK1,6404019,0.16,160g,Tuba,Kuljanka,0.99,6.19,20755775,Hrana,0.99
Sendviè SK1,6404760,0.2,"170g,220g",Pakovanje,Chef Select,2.19,12.88,20948733,Hrana,2.19
Debreciner kobasice,6405288,0.3,300g,Atmos-Posudica,Kuljanka,2.39,7.97,20755744,Hrana,2.39
Posebna salama od mesa peradi SK1,6406333,0.5,500g,Stanga,Pikok,1.59,3.18,4056489158073,Hrana,1.59
Posebna salama od mesa peradi SK1,6406333,0.5,500g,Stanga,Pikok,1.59,3.18,4056489271291,Hrana,1.59
"Pureæi batak, cca. 750g",6406798,1,ca. 750g,Atmos-Pakiranje,-,3.99,3.99,2881960000000,Hrana,3.99
Maslac bez laktoze,6407562,0.25,250g,Pakovanje,Milbona,2.89,11.56,4056489158028,Hrana,2.89
Miris za auto SK3,6700767,0.007,1komad,Pakovanje,W5,0.79,0.79,20591144,Sredstva za èišæenje,0.79
Jabuèni ocat 5%,6700827,1.008,1l,PET-Boca,-,1.05,1.05,20445744,Hrana,1.05
Zobena kaša SK14,6701260,0.065,65g,Vrecica,Crownfield,0.45,6.92,20107581,Hrana,0.45
Dragee's SK9,6703020,0.016,16g,Pakovanje,Amanie,0.35,0.35,4056489197348,Hrana,0.39
Salama s lješnjacima,6703845,0.5,500g,Pakovanje,Deluxe,5.49,10.98,4056489197232,Hrana,5.49
Sorbitol bomboni,6703999,0.025,25g,Kart. na prekl.,Amanie,0.79,0.79,20837273,Hrana,0.79
Praška šunka XXL,6704425,0.3,300g,Atmos-Pakiranje,Pikok,3.69,12.3,20838201,Hrana,3.69
Paèja pašteta,6704745,0.23,230g,Atmos-Posudica,Deluxe,3.49,15.17,20838423,Hrana,3.49
Hrskavi müsli SK9,6705168,0.35,350g,Kart. na prekl.,Crownfield,2.05,5.86,20470388,Hrana,2.05
Zobena kaša s jabukom i cimetom,6706568,0.065,65g,Vrecica,Crownfield,0.45,6.92,4056489195870,Hrana,0.45
Mozzarella Mini,6708449,0.285,150g,Pakovanje,Pilos,1.55,10.33,4056489580591,Hrana,1.55
Müsli ploèica s orašastim plodovima,6717700,0.03,30g,Pakovanje,Crownfield,0.29,0.29,4335619058835,Hrana,0.29
Suhi kvasac,6807139,0.035,5x7g,Samost.vreca,Belbake,0.65,0.65,4056489294412,Hrana,0.65
Kavabon rolica,6900649,0.04,40g,Pakovanje,,0.49,0.49,8605073300372,Hrana,0.49
Dolcela Puding SK1,6900762,0.156,"4x37g,4x45g",Vrecica,,2.09,11.61,3850104276514,Hrana,2.09
Rondo C Classic bomboni,6901373,0.028,28g,Pakovanje,,0.59,0.59,38502934,Hrana,0.59
"Medena pita, 300g",6901514,0.3,300g,Pakovanje,Okusi zavièaja,4.89,16.3,20778613,Hrana,4.89
Helf Bomboni original,6901518,0.04,40g,Pakovanje,,0.69,0.69,8600076030004,Hrana,0.69
"Peèeni svinjski but, cca. 1kg",6901524,1,cca. 1kg,Vakumir. pakov.,Okusi zavièaja,5.99,5.99,2847162000000,Hrana,5.99
"Staropramen Svij. pivo 5%, 4x0,5l",6901538,2,"4x0,5l",Limenka,,5.61,2.81,3850131001868,Piæe,5.61
Mentol bomboni SK1,6901559,0.1,100g,Vrecica,Amanie,0.59,5.9,20778934,Hrana,0.59
Bruschette Maretti 4 vrste sira,6901572,0.15,150g,Vrecica,,1.25,8.33,3800205877561,Hrana,1.25
Štrudla SK2,6901597,0.252,252g,Pakovanje,Tastino,1.09,4.33,20661779,Hrana,1.09
Flips s kikirikijem XXL,6901623,0.2,200g,Vrecica,Snack Day,0.69,3.45,20779405,Hrana,0.69
Kutjevo Chardonnay,6901646,0.743,"0,75l",Boca,,7.99,10.65,3850156001102,Piæe,7.99
Stock 84 38%,6901714,0.7,"0,7l",Boca,,13.99,19.99,8000440396383,Piæe,13.99
Stock 84 38%,6901714,0.7,"0,7l",Boca,,13.99,19.99,8000440396390,Piæe,13.99
"Absolut Vodka, 40%",6901716,0.7,"0,7l",Boca,,11.99,17.13,7312040017683,Piæe,11.99
Jim Beam Whiskey 40%,6901717,0.7,"0,7l",Boca,,20.02,28.6,080686000389,Piæe,20.02
Gurmanska pljeskavica,6901724,0.45,450g,Atmos-Pakiranje,Naša mesnica,2.99,6.64,20779979,Hrana,4.39
Šunka u ovitku,6901745,0.5,500g,Vakumir. pakov.,Pikok,3.39,6.78,20778965,Hrana,3.39
XXL vrhnje za kuhanje 20% m.m.,6901810,1,1l,Pakovanje,Pilos,2.99,2.99,20780128,Hrana,2.89
"Svježa krvavica, cca. 600g",6901845,1,ca. 600g,Atmos-Pakiranje,-,5.49,5.49,2847800000000,Hrana,5.49
"Violeta Baby vlažne maramice, 3x56",6901868,0.962,3x56komad,Pakovanje,,4.79,1.6,0038701280124,Proizvodi za kuæanstvo,4.79
Permetal Sredstvo za èiš. masnoæe ,6901913,0.685,650ml,Boca,,2.69,4.14,3850111753596,Sredstva za èišæenje,2.69
Domaæi ajvar,6901931,0.55,550g,Staklo,Kania,6.63,12.05,4056489073659,Hrana,6.63
"Jogurt èvrsti 3,2% m.m.",6901955,0.9,900g,Kanta,Pilos,1.69,1.88,20780579,Hrana,1.69
"Franck Kava Jubilarna, mlj. 400g",6901972,0.4,400g,Vrecica,,8.29,20.73,3858881085596,Piæe,8.29
Roštilj kobasice SK3,6902125,0.44,440g,Vakumir. pakov.,Grill&Fun,3.49,7.93,20491802,Hrana,3.49
Roštilj kobasice SK4,6902126,0.44,440g,Vakumir. pakov.,Grill&Fun,3.49,7.93,20491819,Hrana,3.49
Kraš Domaæica original,6902156,0.3,300g,Kart. na prekl.,,3.19,10.63,3850102511754,Hrana,3.19
"Kraš Tortica, èokoladna",6902161,0.025,25g,Pakovanje,,0.55,0.55,3850102320011,Hrana,0.55
"Kraš Bronhi, original",6902167,0.1,100g,Vrecica,,1.29,12.9,3850102215072,Hrana,1.29
BO Pecivo s buèinim košticama,6902223,0.08,80g,Rasuto,,0.39,4.88,3856016903265,Hrana,0.39
BO Pecivo s buèinim košticama,6902223,0.08,80g,Rasuto,,0.39,4.88,3856016951938,Hrana,0.39
Kinder Maxi King 3x35g,6902227,0.105,3x35g,Pakovanje,,1.95,18.57,4008400551920,Hrana,2.19
Barkleys Classic SK10,6902264,0.05,50g,Limenka,,2.39,47.8,8717438742083,Hrana,2.39
Dukat b.Aktiv LGG Smoothie SK1,6902278,0.33,330g,PET-Boca,,1.82,5.52,3850354011712,Hrana,1.82
Dukat b.Aktiv LGG Smoothie SK1,6902278,0.33,330g,PET-Boca,,1.82,5.52,3850354013082,Hrana,1.82
"Mlada teletina za peèenje, cca. 2kg",6902353,1,cca. 2kg,Atmos-Pakiranje,Naša mesnica,8.59,8.59,2894691000000,Hrana,9.99
Vilma Orahnjaèa/Makovnjaèa SK1,6902471,0.5,500g,Pakovanje,,3.99,7.98,3859891780006,Hrana,3.99
"Dimljena svinjska rebra, cca. 700g",6902571,1,ca. 700g,Vakumir. pakov.,Pikok,7.96,7.96,2504581000000,Hrana,7.96
"Jamnica Gazirana min. voda, 0,5l",6902578,0.5,"0,5l",PET-Boca,,0.85,1.7,3859888152113,Piæe,0.85
Jana Ledeni èaj breskva,6902582,0.5,"0,5l",PET-Boca,,1.19,2.38,3858884601052,Piæe,1.19
Sarajevski Kiseljak Min. gaz. voda,6902591,1.5,"1,5l",PET-Boca,,0.88,0.59,3871059000078,Piæe,0.88
"Koestlin Èajno pec. žit.,orah i med",6902626,0.16,160g,Pakovanje,,1.49,9.31,3856014113574,Hrana,1.29
Kraš Životinjsko carstvo Lizli,6902654,0.015,15g,Pakovanje,,0.42,0.42,38500633,Hrana,0.42
Libresse Maxi Night wing hig.ulošci,6902680,0.11,10komad,Pakovanje,,1.99,0.2,7322541192543,Proizvodi za kuæanstvo,1.99
Euro-Milk Dragec Sir SK1,6902724,0.225,225g,Pakovanje,,2.75,12.22,3859889770477,Hrana,2.75
Špin Kravlja skuta,6902750,0.4,400g,Vakumir. pakov.,,3.49,8.73,3858881196483,Hrana,3.49
Nivea Krema,6902774,0.15,150ml,Kozm.posudica,,3.65,24.33,4005808157983,Kozmetika,3.65
"Èajna kobasica, narezak",6902776,0.1,100g,Atmos-Pakiranje,Pikok Pure,2.19,21.9,20781439,Hrana,2.19
Pileæi medaljoni,6902884,0.4,400g,Atmos-Pakiranje,Naša mesnica,5.29,13.23,20781507,Hrana,5.29
Pileæi ražnjiæi od filea,6902885,0.45,450g,Atmos-Pakiranje,Naša mesnica,5.09,11.31,4056489611073,Hrana,5.09
BO Kukuruzni miješani mini-baguette,6902957,0.11,110g,Rasuto,,0.39,3.55,3859890733294,Hrana,0.49
Grèki voæni jogurt SK3,6902972,0.15,150g,Posudica,Pilos,0.75,5,4056489316800,Hrana,0.75
"Jelen Svijetlo pivo 4,6%",6902992,0.5,"0,5l",Limenka,,1.19,2.38,86027762,Piæe,1.19
Juneæa pljeskavica,6903001,0.45,450g,Atmos-Posudica,Naša mesnica,4.99,11.09,4056489611820,Hrana,4.99
"Palmolive Gel za tuširanje, SK1",6903031,0.517,500ml,Boca,,4.25,8.5,8714789733166,Kozmetika,4.25
"Hamburger, cca. 400g",6903050,1,ca. 400g,Vakumir. pakov.,Pikok,6.99,6.99,2895660000000,Hrana,6.99
"Goveði biftek, cca. 2kg",6903089,1,ca. 2kg,Vakumir. pakov.,Naša mesnica,24.79,24.79,2895510000000,Hrana,28.99
Ekos Marakuja kolaè,6903194,0.28,280g,Pakovanje,,4.99,17.82,3858889616488,Hrana,4.99
Gloria Cappuccino SK1,6903307,0.2,200g,Vrecica,,2.79,13.95,3858881087804,Piæe,2.79
Ketchup SK1,6903311,1,1000g,PET-Boca,Kania,1.69,1.69,4056489610762,Hrana,1.69
Lampioni Premium SK2,6903360,0.5,500g,Pakovanje,-,3.49,3.49,20251581,Proizvodi za kuæanstvo,3.49
Kulenova seka,6903386,0.1,100g,Atmos-Pakiranje,Okusi zavièaja,1.99,19.9,20251666,Hrana,1.99
"Le Coq Cocktail Margarita, 4,7%",6903702,0.33,"0,33l",Boca,,1.52,4.61,4740098002895,Piæe,1.52
"Le Coq Cock. Sex on the Beach, 4,7%",6903704,0.33,"0,33l",Boca,,1.52,4.61,4740098088288,Piæe,1.52
"Osjeèko Crni Radler 2,0%",6903826,0.5,"0,5l",Limenka,,1.52,3.04,3858895010010,Piæe,1.52
"Svinjski kare odresci sk, cca. 600g",6904148,1,ca.600g,Atmos-Pakiranje,Naša mesnica,5.99,5.99,2817590000000,Hrana,5.99
Dekorativna traka 2m,6904165,0.039,1komad,Pakovanje,,1.19,1.19,3858885895825,Proizvodi za kuæanstvo,1.19
"Ukrasna vreæica 36x12,5x8,5cm",6904172,0.05,1komad,Pakovanje,,1.06,1.06,3858887147229,Proizvodi za kuæanstvo,1.06
Ukrasna vreæica 12x39x9cm,6904173,0.044,1komad,Pakovanje,,0.89,0.89,3858888919610,Proizvodi za kuæanstvo,0.99
Ukrasna vreæica 32x26x12cm,6904180,0.046,1komad,Vrecica,,1.45,1.45,3856023014213,Proizvodi za kuæanstvo,1.45
Ukrasna vreæica 32x26x12cm,6904180,0.046,1komad,Vrecica,,1.45,1.45,3856023028975,Proizvodi za kuæanstvo,1.45
Ukrasna vreæica 32x26x12cm,6904180,0.046,1komad,Vrecica,,1.45,1.45,3856023029019,Proizvodi za kuæanstvo,1.45
Ukrasna vreæica 32x26x12cm,6904180,0.046,1komad,Vrecica,,1.45,1.45,3856023029033,Proizvodi za kuæanstvo,1.45
Ukrasna vreæica 32x26x12cm,6904180,0.046,1komad,Vrecica,,1.45,1.45,3856023029095,Proizvodi za kuæanstvo,1.45
Torterie Macaron Mix Božiæ,6904210,0.132,132g,Pakovanje,,3.19,24.17,3859893398162,Hrana,3.19
Kinder Happy Hippo,6904240,0.104,"5x20,7g",Pakovanje,,2.69,25.99,8000500023624,Hrana,2.69
"Delta Sušeni bakalar, cca. 400-600g",6904251,1,ca. 400 - 600g,Vakumir. pakov.,,49.9,49.9,2837371000000,Hrana,49.9
"Jaja iz podnog uzgoja XXL, razred L",6904263,1.02,15komad,Pakovanje,Okusi zavièaja,2.39,0.16,4056489318002,Hrana,2.39
"Pileæe, pureæe hrenovke",6904265,0.5,500g,Vakumir. pakov.,Pikok,1.29,2.58,4056489073468,Hrana,1.29
"Sok od prešanih jabuka, mutni",6904298,3,3l,Pakovanje,Okusi zavièaja,3.25,3.25,4056489074359,Piæe,4.65
Napolitanke SK2,6904505,1,1000g,Vrecica,Champions Edition,2.69,2.69,4056489074786,Hrana,2.79
Higijenske maramice za èišæenje SK1,6904511,0.455,2x80komad,Pakovanje,W5,1.99,0.01,4056489317494,Proizvodi za kuæanstvo,1.89
Encian Multi 24,6904615,0.045,30komad,Box,,4.59,0.15,3858890104066,Hrana,4.59
BO Polubijeli domaæi kruh,6904897,0.4,400g,Rasuto,,0.59,1.48,4052917163152,Hrana,0.59
"ESL - Svježe mlijeko 3,2%",6904910,1.03,1l,Pakovanje,Okusi zavièaja,0.99,0.99,4056489610878,Hrana,0.99
Violeta Sredstvo za èišæ. poda Pur.,6904930,0.999,1l,Boca,,1.45,1.45,3870128017320,Sredstva za èišæenje,1.45
"Zaè. svi. lop. za peèenje, cca. 1kg",6904976,1,cca. 1kg,Vakumir. pakov.,Naša mesnica,4.79,4.79,2896460000000,Hrana,4.79
"Badel ""Domaæi"" 32%",6904977,0.5,"0,5l",Boca,,4.99,9.98,3850112142108,Piæe,4.99
"Gouda, polutvrdi sir",6904985,1,1kg,Pakovanje,,5.99,5.99,3830056402285,Hrana,5.99
Johnnie Walker Red Label viski + 2 ,6905061,0.7,"0,7l",Boca,,16.99,24.27,3859894245106,Piæe,16.99
"Svje. pileæa prsa, bk sk, cca. 500g",6905062,1,ca. 500g,Atmos-Pakiranje,Naša mesnica,5.89,5.89,2868560000000,Hrana,5.89
Hipp BIO voæna kašica jab/ban/bresk,6905074,0.19,190g,Staklo,,1.65,8.68,9062300134251,Hrana,1.65
Hipp Bio voæna kašica jab/ban/keks,6905075,0.19,190g,Staklo,,1.65,8.68,9062300132455,Hrana,1.65
Hipp BIO voæna kašica šljiva,6905077,0.125,125g,Staklo,,1.15,9.2,9062300106739,Hrana,1.15
Lino Moj prvi flips,6905105,0.025,25g,Vrecica,,1.89,75.6,3850104268618,Hrana,1.89
Dukat b.Aktiv LGG tek. jog. Natur,6905119,2,2x1000g,Pakovanje,,3.99,2,3850354016755,Hrana,3.99
Shake Mirisne granule za ormar SK1,6905239,0.038,1komad,Pakovanje,,1.89,1.89,3859890779285,Proizvodi za kuæanstvo,1.89
Shake Mirisne granule za ormar SK1,6905239,0.038,1komad,Pakovanje,,1.89,1.89,3859890779308,Proizvodi za kuæanstvo,1.89
Shake Mirisne granule za ormar SK1,6905239,0.038,1komad,Pakovanje,,1.89,1.89,3859890779353,Proizvodi za kuæanstvo,1.89
"File otkoštenog zabatka, cca. 500g",6905305,1,ca. 500g,Atmos-Pakiranje,Naša mesnica,6.99,6.99,2868825000000,Hrana,6.99
Proteini.si Proteinska ploèica koko,6905316,0.055,55g,Pakovanje,,1.15,20.91,3830059011330,Hrana,1.15
Proteini.si Prot. ploè. keks&krema,6905319,0.055,55g,Pakovanje,,1.69,30.73,3830069179679,Hrana,1.69
L'Oreal Age Spec. krema p. bora SK1,6905434,0.05,50ml,Kozm.posudica,,7.43,148.6,3600523408948,Kozmetika,7.43
BO Burek motani sir,6905439,0.22,220g,Rasuto,,1.19,5.41,4052917610342,Hrana,1.19
Plemiæki sir SK3,6905441,0.2,200g,Vakumir. pakov.,,2.59,12.95,3859889770439,Hrana,2.59
BO Kukuruzni miješ. kruh bez kvasca,6905465,0.4,400g,Rasuto,,1.45,3.63,3858884927084,Hrana,1.45
"Alpski cvijet, tvrdi kravlji sir",6905501,0.95,950g,Pakovanje,,14.99,15.78,3830056402827,Hrana,14.99
Graševina,6905538,2,2l,PET-Boca,,3.99,2,3859893587085,Piæe,3.99
Libresse Extra Long Dnevni ulošci,6905551,0.135,24komad,Pakovanje,,1.75,0.07,7322540062656,Proizvodi za kuæanstvo,1.95
luris Zweigelt & Cabernet KZP,6905825,0.75,"0,75l",Boca,,3.98,5.31,3859891102310,Piæe,3.98
"Domaæa dimljena slanina, cca. 700g",6905828,1,ca. 700g,Vakumir. pakov.,Okusi zavièaja,13.59,13.59,2868990000000,Hrana,13.59
Dunavski valovi vegan,6905854,0.48,480g,Pakovanje,Vemondo,4.99,10.4,4056489317388,Hrana,4.99
"Svinj. vrat s dod. dima, cca. 600g",6905857,1,ca. 600g,Vakumir. pakov.,-,9.99,9.99,2869030000000,Hrana,9.99
"Lumen Elektronski lampion, Gloria ",6905972,0.1,1komad,Pakovanje,,2.99,2.99,3870634060469,Proizvodi za kuæanstvo,2.99
Mg Mivela blago gazirana min. voda,6905979,1.35,"1,35l",PET-Boca,,1.39,1.03,8600599001031,Piæe,1.39
Kobasica dede Štefa,6905989,0.4,2x200g,Vakumir. pakov.,Okusi zavièaja,6.99,17.48,4056489317883,Hrana,6.99
Argeta Junior kokošja pašteta 4x95g,6905997,0.38,4x95g,Pakovanje,,3.99,10.5,3838471044981,Hrana,3.99
Dobro Slanina narezak,6906021,0.25,250g,Atmos-Pakiranje,,6.99,27.96,3850133808014,Hrana,4.99
Bio ploèica SK1,7202195,0.03,30g,Pakovanje,Alesto,0.89,0.89,20962241,Hrana,0.89
Kadaif,7206141,0.4,400g,Atmos-Pakiranje,1001 delights,3.69,9.23,4056489474289,Hrana,3.69
Bruschette SK3,7207327,0.14,140g,Vrecica,Snack Day,1.29,9.21,4056489693321,Hrana,1.29
BO Kukuruzni miješani kruh,7300514,0.5,500g,Rasuto,,1.49,2.98,3838700441543,Hrana,1.59
Kekec Pašteta,7300643,0.1,100g,Plitica,,0.75,7.5,3830008602398,Hrana,0.75
Pileæa posebna kobasica SK2,7301524,0.4,400g,Stanga,Pikok,1.59,3.98,20905415,Hrana,1.59
Poli Poli narezak,7301627,0.15,150g,Atmos-Pakiranje,,1.79,11.93,3838977012897,Hrana,1.99
Leone Sladoled na štapiæu SK1,7302358,0.21,6x60ml,Kart. na prekl.,,2.79,7.75,3830053873255,Hrana,2.79
Leone Sladolde na štapiæu SK2,7303384,0.152,"4x60ml,4x70ml",Kart. na prekl.,,2.29,9.54,3830053879462,Hrana,2.29
Ayatana Bio Kombucha SK2,7303935,0.33,330ml,Staklo,,2.29,6.94,3830073630173,Hrana,2.29
Klumper sušena šunka SK2,7710141,0.08,80g,Atmos-Pakiranje,,1.89,23.63,4101060001009,Hrana,1.89
Vivil Bomboni bez šeæera sort.,7713799,0.12,120g,Vrecica,,1.79,14.92,4020400898645,Hrana,1.79
Vivil Bomboni bez šeæera sort.,7713799,0.12,120g,Vrecica,,1.79,14.92,4020400898669,Hrana,1.79
Proteinski hrskavi prutiæ 33% SK1,7715074,0.045,45g,Pakovanje,-,1.49,1.49,4056489884842,Hrana,1.49
Proteinski hrskavi prutiæ 33% SK1,7715074,0.045,45g,Pakovanje,-,1.49,1.49,4056489884880,Hrana,1.49
Proteinski prutiæ 30% SK1,7715079,0.045,45g,Pakovanje,-,0.99,22,4056489884897,Hrana,0.99
Papirnate slamke,7715273,0.026,25komad,Pakovanje,Grillmeister,0.99,0.04,4056489021216,Proizvodi za kuæanstvo,0.99
Parfem Suddenly Luxury Women SK1,7716832,0.084,100ml,Kart. na prekl.,,5.99,59.9,4335619131194,Kozmetika,5.99
Dilek Cig SK1,7717569,0.384,384g,Pakovanje,,1.67,4.35,4036577918536,Hrana,1.67
Kroasani s višnja nadjevom RSPO,9001620,1,1kg,Vrecica,Tastino,2.99,2.99,4056489274391,Hrana,2.99
Knedle s kremom od lješ. i malinama,9001833,0.8,800g,Vrecica,Culinea,2.99,3.74,4056489508519,Hrana,2.99
"Nutrino Lab sna. jab, bre, jag, mal",9002111,0.2,200ml,Vrecica,,1.69,8.45,8606019652951,Piæe,1.69
Vipro slatko od dunja,9003268,0.44,440g,Staklo,,2.49,5.66,5319990177995,Hrana,2.49
Rada Koziji sir,9003294,1,ca. 350g,Pakovanje,,10.99,10.99,2103630000000,Hrana,10.99
Plazma Stiksi keks,9003426,0.125,125g,Pakovanje,,1.49,11.92,8600043029512,Hrana,1.49
Twins pohane palaèinke SK3,9003521,0.4,400g,Pakovanje,,2.29,5.73,5319992169172,Hrana,2.29
Predjela XXL SK3,0158188,0.3,300g,Pakovanje,Chef Select,4.49,14.97,4056489675907,Hrana,4.49
Voda za lice Rose Argan,0158447,0.149,150ml,Boca,Cien,1.59,10.6,4056489349389,Kozmetika,1.59
BO Simit pecivo sa sezamom,0160434,0.14,120g,Rasuto,,0.79,6.58,4056489131267,Hrana,0.79
High Protein Gris puding SK1,0160550,0.2,200g,Posudica,Milbona,0.99,4.95,4056489406587,Hrana,0.99
Fini izbor keksa,0160652,0.255,255g,Pakovanje,Sondey,3.49,13.69,4056489406921,Hrana,3.49
Proteinski sladoled SK1,0160941,0.25,5x70ml,Kart. na prekl.,Gelatelli,3.49,9.97,4335619216785,Hrana,3.49
Kikiriki maslac SK1,0161598,0.34,340g,Staklo,MCENNEDY,2.69,7.91,4056489419129,Hrana,2.69
Senf na amerièki naèin,6211484,0.5,500g,PET-Boca,MCENNEDY,1.59,3.18,4056489906834,Hrana,1.59
Halva s bademom,6211855,0.8,800g,Vakumir. pakov.,1001 delights,5.3,6.63,4056489908395,Hrana,5.3
Žele kocke SK8,6211865,0.4,400g,Kart. na prekl.,1001 delights,1.83,4.58,4056489908449,Hrana,1.83
Kava s aromom SK1,6211933,0.2,200g,Vrecica,Bellarom,6.89,34.45,4335619096691,Piæe,5.7
Prutiæ sa svježim sirom,6400293,0.15,5x30g,Pakovanje,Kuljanka,1.99,13.27,20105211,Hrana,1.99
Knedle sa sirnim nadjevom,6400571,1,1kg,Vrecica,Kuljanka,2.99,2.99,20231989,Hrana,2.99
"Grašak, smrznuti",6400606,0.45,450g,Vrecica,Freshona,1.19,2.64,20320324,Hrana,1.19
"Žute mahune, duboko smrznute",6400610,1,1kg,Vrecica,Freshona,2.35,2.35,20156831,Hrana,2.39
Kukuruzni snack s okusom èilija,6400718,0.07,70g,Vrecica,Alesto,0.69,9.86,20947309,Hrana,0.69
XXL pureæa prsa sa sirom,6401098,1.5,1500g,Vrecica,Culinea,4.79,3.19,20587857,Hrana,4.79
Vjenèiæi s krem punjenjem SK1,6906117,0.39,390g,Pakovanje,Okusi zavièaja,3.29,8.44,4056489318026,Hrana,3.29
Tonic SK1,6906124,1.008,1l,PET-Boca,-,0.99,0.99,4056489610540,Piæe,0.99
Suncokretovo ulje ,6906127,0.92,1l,Boca,Vita D'or,1.49,1.49,20013592,Hrana,1.49
Suncokretovo ulje ,6906127,0.92,1l,Boca,Vita D'or,1.49,1.49,5997003582617,Hrana,1.49
Bailey's Cream Liker,6906151,0.75,"0,7l",Boca,,14.39,20.56,5011013100156,Piæe,14.39
"Vindi Iso Sport neg., bezalk. piæe",6906228,0.5,"0,5l",PET-Boca,,1.29,2.58,3850108073409,Piæe,1.29
DAR Napitak od zobi s okusom èokol.,6906246,1,1l,Pakovanje,,2.05,2.05,3850108028034,Hrana,2.05
Vau Mjau Vlažne maram. za životinje,6906355,0.35,50komad,Pakovanje,-,1.72,0.03,4056489317210,Proizvodi za kuæanstvo,1.72
"Jaja iz podnog uzgoja, razred M",6906363,1.044,18komad,Pakovanje,Okusi zavièaja,4.39,0.24,4056489610656,Hrana,4.19
Sladoled Triple SK2,0137318,0.308,4x130ml,Kart. na prekl.,Bon Gelati,2.79,5.37,20092054,Hrana,2.79
Mokra hrana za pse,0137350,1.2,12x100g,Pakovanje,Orlando,4.49,3.74,20092375,Proizvodi za kuæanstvo,4.49
Hugo SK1,0137660,0.2,"0,2l",Limenka,Allini,1.29,6.45,4056489249283,Piæe,1.29
Hugo SK1,0137660,0.2,"0,2l",Limenka,Allini,1.29,6.45,4304493268555,Piæe,1.29
Suha hrana za maèke govedina&perad,0137710,1,1kg,Vrecica,Sweet Cat,1.79,1.79,20102593,Proizvodi za kuæanstvo,1.79
Bio kašica tjes. sa šunkom i povræe,0138007,0.22,220g,Staklo,Lupilu,1.09,4.95,4056489882275,Hrana,1.09
Kremasti gel za tuširanje SK4,0138047,0.311,300ml,PET-Boca,Cien,1.69,5.63,20112028,Kozmetika,1.69
Djeèje pelene XL,0138089,1.09,30komad,Pakovanje,Lupilu,4.49,0.15,4056489352808,Proizvodi za kuæanstvo,4.49
Suha hrana za pse SK4,0138813,1.5,"1,5kg",Vrecica,Orlando Gourmet,2.39,1.59,20136031,Proizvodi za kuæanstvo,2.39
Suha hrana za pse SK4,0138813,1.5,"1,5kg",Vrecica,Orlando Gourmet,2.39,1.59,4056489333555,Proizvodi za kuæanstvo,2.39
Kobasica SK2,0138902,0.275,"250g,300g",Atmos-Pakiranje,Grillmeister,3.29,10.97,4056489141754,Hrana,3.29
Odstranjivaè make.upa SK3,0138914,0.102,100ml,PET-Boca,Cien,1.39,13.9,4056489447061,Kozmetika,1.39
Narezana salama od divljaèi SK2,0139016,0.06,60g,Atmos-Pakiranje,Deluxe,1.89,31.5,20137748,Hrana,1.89
Toaletni papir,7304646,0.66,10x110Blatt,Pakovanje,,2.19,0.22,3838952016315,Proizvodi za kuæanstvo,2.19
BO Kruh bijeli,7304900,0.5,500g,Rasuto,,0.75,1.5,3838700353143,Hrana,0.75
BO Pecivo sa sirom,7305471,0.08,80g,Rasuto,,0.69,8.63,3838700368444,Hrana,0.69
Èokoladni lava cake,7401097,0.18,2x90g,Kart. na prekl.,Deluxe,2.39,13.28,20613396,Hrana,2.39
Talijanske krokete SK1,7402568,0.28,20x14g,Kart. na prekl.,Italiamo,4.39,15.68,20959197,Hrana,4.39
Praline u obliku srca,7405255,0.2,200g,Pakovanje,J.D. Gross ,3.29,16.45,4056489020110,Hrana,3.29
Izbor èokolada SK8,0002837,0.2,200g,Pakovanje,J.D. Gross,5.69,28.45,20187002,Hrana,5.69
Schogetten SK92,0002838,0.1,100g,Tabla,,1.29,12.9,4000415851705,Hrana,1.29
Schogetten SK92,0002838,0.1,100g,Tabla,,1.29,12.9,4000607007606,Hrana,1.29
Schogetten SK92,0002838,0.1,100g,Tabla,,1.29,12.9,4000607167706,Hrana,1.29
Schogetten SK92,0002838,0.1,100g,Tabla,,1.29,12.9,4000607854606,Hrana,1.29
Mini kokos prutiæi,0002844,0.35,350g,Vrecica,Mister Choc,3.59,10.26,20046347,Hrana,3.59
Müsli prutiæi SK50,0002858,0.2,200g,Kart. na prekl.,Crownfield,1.65,8.25,20104214,Hrana,1.65
Tjestenina SK2,0151432,0.35,350g,Plitica,Chef Select,2.99,8.54,4056489225713,Hrana,2.99
Premium Vodka 42%/40% Vol. SK1,0152018,0.662,"0,7l",Boca,,8.99,12.84,4304493265318,Piæe,8.99
Orašasti plodovi,0152059,0.06,60g,Vrecica,Alesto,1.39,23.17,20559564,Hrana,1.19
Sladoledni štapiæ mlijeèni,0152452,0.168,8x35ml,Kart. na prekl.,Gelatelli,2.29,8.18,4056489238546,Hrana,2.29
Premium Sushi SK1,0152782,0.178,"168g,178,5g,185g",Pakovanje,select & go,3.79,22.56,4056489250180,Hrana,3.79
Èaj SK1,0153400,0.06,15x4g,Vrecica,Lord Nelson,2.79,46.5,4056489262138,Piæe,2.79
Èaj SK1,0153400,0.06,15x4g,Vrecica,Lord Nelson,2.79,46.5,4056489262152,Piæe,2.79
Mljevena kava SK1,0153488,0.25,250g,Limenka,Deluxe,6.99,27.96,4056489262619,Piæe,6.99
Hrskavi mlijeèni desert vanilija,0153698,0.35,650ml,Kart. na prekl.,Gelatelli,2.49,3.83,4056489267812,Hrana,2.49
Eau de Parfum SK6,0153747,0.063,75ml,Kart. na prekl.,Suddenly,6.49,86.53,4056489918035,Kozmetika,6.49
Toaletna voda za muškarce SK5,0153751,0.063,75ml,Kart. na prekl.,G. Bellini,6.49,86.53,4056489918028,Kozmetika,6.49
Èips od povræa,0168787,0.1,100g,Vrecica,Deluxe,1.99,19.9,4056489530091,Hrana,1.99
Kozji sir SK2,0169128,0.1,100g,Pakovanje,Duc de Coeur,2.1,21,4056489679226,Hrana,2.1
Grickalice za pse SK6,0169319,0.14,"105g,135g,180g",Vrecica,Orlando,0.89,6.59,4056489333609,Proizvodi za kuæanstvo,0.89
Praline SK1,0169617,0.196,4x70ml,Kart. na prekl.,Gelatelli,3.49,12.46,4056489538172,Hrana,3.49
Lisnato tijesto s kozicama,0170444,0.28,280g,Kart. na prekl.,Ocean Sea,3.49,12.46,20121938,Hrana,3.49
Sredstvo za èišæenje SK1,0170595,0.997,1l,PET-Boca,W5,2.29,2.29,4056489554325,Sredstva za èišæenje,2.29
Tjestenina bez glutena SK4,0074516,0.5,500g,Vrecica,free from,1.99,3.98,4056489204466,Hrana,1.99
Premium pasta za zube SK1,0174757,0.07,125ml,Tuba,Dentalux,1.19,9.52,4056489618805,Kozmetika,1.19
Maslac od kikirikija,0175186,0.5,500g,PET-Boca,Maribel,2.79,5.58,4056489620938,Hrana,2.79
Dj. vodeni sladoled SK12,0175604,0.696,6x110ml,Kart. na prekl.,Bon Gelati,3.19,4.83,20289348,Hrana,3.19
Dj. vodeni sladoled SK12,0175604,0.696,6x110ml,Kart. na prekl.,Bon Gelati,3.19,4.83,4056489542766,Hrana,3.19
Sorbet kokos,0175692,0.39,500ml,Posudica,Gelatelli,2.45,4.9,4056489634270,Hrana,2.45
"Poslastica za pse, SK4",0175839,0.4,400g,Vrecica,Orlando,1.29,3.23,4056489621140,Proizvodi za kuæanstvo,1.29
Veganski èokoladni kolaèiæi,0176147,0.18,180g,Tabla,Vemondo,1.95,10.83,4056489640431,Hrana,1.95
o.b. Pro Comfort SK1,0176218,0,32komad,Pakovanje,,4.8,0.15,3574661618647,Proizvodi za kuæanstvo,4.8
Riblji tapas SK25,0176419,0.1,100g,Plitica,Sol&Mar,2.49,24.9,20019105,Hrana,2.49
Deterdžent za pranje posuða XXL SK1,0176452,3.06,3l,PET-Boca,W5,2.99,1,4056489644484,Sredstva za èišæenje,2.99
Ledeni èaj breskva,0176469,2.056,2l,Pakovanje,Freeway,1.45,0.73,4056489644859,Piæe,1.45
Pahuljice s medom i kikirikijem SK1,0176608,0.5,500g,Vrecica,Crownfield,1.99,3.98,4056489654339,Hrana,1.99
Pahuljice s medom i kikirikijem SK1,0176608,0.5,500g,Vrecica,Crownfield,1.99,3.98,4056489825722,Hrana,1.99
Lak za nokte Cocktail SK2,0177036,0.01,11ml,Pakovanje,Cien Beauty,1.29,117.27,4056489430933,Kozmetika,1.29
Sir Brie,0177317,0.15,150g,Pakovanje,Duc de Coeur,2.29,15.27,4056489658603,Hrana,2.29
Mješavina zaèina iz Provanse,0178353,0.031,"13g,35g,45g",Limenka,Duc de Coeur,1.49,1.49,4056489666288,Hrana,1.49
Kuhinjski ubrusi XXL,0178483,1.381,512Blatt,Pakovanje,Floralys,4.79,0.6,4056489668831,Proizvodi za kuæanstvo,4.79
Latte Sticks SK24,0179046,0.166,"148g,184g",Kart. na prekl.,Bellarom,1.79,9.73,4056489686170,Piæe,1.79
Voæni napitak SK3,0179141,1.04,1l,Pakovanje,Solevita,1.99,1.99,4056489687030,Piæe,1.99
Talijanski desert,0179178,0.45,450g,Pakovanje,Italiamo,3.89,8.64,4056489687429,Hrana,3.89
Ledo štrukli,6905603,0.6,600g,Kart. na prekl.,,3.39,5.65,3850116765198,Hrana,3.39
"Dimljeni svinjski file, cca. 450g",6905634,1,ca. 450g,Vakumir. pakov.,Pikok,11.59,11.59,2868900000000,Hrana,11.59
Plidenta Pasta za zube SK1,6905645,0.095,75ml,Pakovanje,,2.09,27.87,3856007908071,Kozmetika,2.09
Zvijezda Majoneza Retro 620g,6905679,0.62,620g,Staklo,,3.95,6.37,3856015320957,Hrana,3.95
Podravka Ketchup ljuti,6905684,0.5,500g,PET-Boca,,1.69,3.38,3850104268915,Hrana,1.69
Kraš PreKrašni Kolaèiæ sa kakao p.,6905700,0.22,220g,Vrecica,,2.59,11.77,3870450002094,Hrana,2.59
Griller sa sirom i paprikom,6905743,0.45,450g,Atmos-Pakiranje,Naša mesnica,3.49,7.76,4056489317371,Hrana,3.49
BO Pecivo lepinja,6905787,0.12,120g,Rasuto,,0.39,3.25,4052917332015,Hrana,0.39
Bio napitak od soje,6000860,1.02,1000ml,Pakovanje,Vemondo,1.15,1.15,4056489469513,Hrana,1.15
Ravioli punjeni s pistacijama,6000983,0.25,250g,Atmos-Posudica,Deluxe,1.79,7.16,20469467,Hrana,1.79
Orecchiette ili Trofie,6001877,0.5,500g,Vrecica,Italiamo,1.69,3.38,20462628,Hrana,1.69
Krokant SK1,6002379,0.1,100g,Pakovanje,Italiamo,2.79,27.9,20633554,Hrana,2.79
Njoki XXL,6002441,1,1kg,Vrecica,Chef Select,1.59,1.59,4056489097280,Hrana,1.59
Namaz od lješnjaka,6003963,0.75,750g,Staklo,Choco Nussa,3.85,5.13,20682255,Hrana,3.85
Salama Cacciatore/Brianza DOP SK1,6004300,0.08,80g,Atmos-Posudica,Italiamo,2.99,37.38,20849597,Hrana,2.99
Calzone s rajèicom i mozzarellom,6004715,0.25,250g,Kart. na prekl.,Italiamo,2.89,11.56,20968427,Hrana,2.89
Medaljoni s tartufom,6007602,0.25,250g,Atmos-Posudica,Deluxe,1.79,7.16,20159689,Hrana,1.79
Sladoled u posudici Mojito,5701600,0.793,4x200ml,Posudica,Gelatelli,2.59,3.24,4335619208179,Hrana,2.59
Pršut Serrano Gran Reserva,5701621,0.07,70g,Atmos-Posudica,Sol&Mar,1.99,28.43,20645144,Hrana,1.99
Chorizo extra Sarta salama SK2,5701702,0.2,200g,Atmos-Pakiranje,Sol&Mar,2.69,13.45,20879723,Hrana,2.69
Chorizo extra Sarta salama SK2,5701702,0.2,200g,Atmos-Pakiranje,Sol&Mar,2.69,13.45,20879730,Hrana,2.69
Marinirane dagnje ATG 3x43g,5701927,0.234,3x78g,Limenka,Sol&Mar,2.59,20.08,20646349,Hrana,2.59
Biskvit torta SK2,5702871,0.347,"330g,370g",Pakovanje,Sol&Mar,1.89,5.11,4334035905587,Hrana,1.89
Siao Long Pao SK2,5704408,0.24,"230g,250g",Atmos-Posudica,Vitasia,3.99,1.73,20796501,Hrana,3.99
Siao Long Pao SK2,5704408,0.24,"230g,250g",Atmos-Posudica,Vitasia,3.99,15.96,20796501,Hrana,3.99
Siao Long Pao SK2,5704408,0.24,"230g,250g",Atmos-Posudica,Vitasia,3.99,1.73,20796518,Hrana,3.99
Kolutiæi lignji u tijestu,5705630,0.5,500g,Vrecica,Sol&Mar,2.99,5.98,20001872,Hrana,2.99
Egzotièni sok SK2,5706912,0.336,330ml,PET-Boca,Vitasia,1.46,4.42,4056489634799,Hrana,1.46
Nivea Gel za tuširanje SK1,6906406,0.25,250ml,PET-Boca,,2.99,11.96,9005800222950,Kozmetika,2.99
Nivea Dezodorans SK1,6906413,0.092,150ml,Limenka,,3.95,26.33,9005800365732,Kozmetika,3.95
Frozy Panirani osliæ filet Hubbsi,6906429,0.4,400g,Vrecica,,3.59,8.98,3858891044866,Hrana,3.59
"Med Lipa, 450g",6906437,0.45,450g,Staklo,Okusi zavièaja,4.75,10.56,4056489610939,Hrana,4.75
"Nila Black, 68 pranja",6906443,3.796,"3,7l",PET-Boca,,4.99,0.07,3850105182920,Sredstva za èišæenje,4.99
Likvi Sredstvo za pranje posuða ,6906449,4.12,4l,PET-Boca,,5.99,5.99,3850105174802,Sredstva za èišæenje,5.99
Faks Deterdžent za pr. rublja 90pr.,6906451,5.85,"5,85kg",Vrecica,,14.99,0.17,3850105176738,Sredstva za èišæenje,14.99
BO Domaæi Craft kruh sa sjemenkama ,6906465,0.4,400g,Rasuto,,1.69,4.23,4052917530664,Hrana,1.69
BO Domaæi bakin kruh s kis. tijest.,6906466,0.47,470g,Rasuto,,1.69,3.6,4052917530909,Hrana,1.69
"Encian Omega 1000, 50 kapsula",6906529,0.045,50komad,Kart. na prekl.,,6.62,0.13,3859889425452,Hrana,6.62
"Le Coq Cocktail Pina Colada 4,7%",6906606,0.33,330ml,Boca,,1.19,3.61,4740098002932,Piæe,1.15
The Garden Brewery Milchshake IPA,6906667,0.34,330ml,Limenka,,1.29,3.91,3858893812227,Piæe,1.29
Cetina prirodna izv.negazirana voda,6906693,1.5,"1,5l",PET-Boca,,0.78,0.52,3859890129004,Piæe,0.82
"Heineken 0,0%",6906705,0.33,"0,33l",Limenka,,1.28,3.88,3830054841802,Piæe,1.28
Hippis BIO Pouch jab./breskva/š.v.,6906990,0.1,100g,Vrecica,,1.35,13.5,4062300278554,Hrana,1.35
PIK Pureæa šunka classic,6907014,0.1,100g,Pakovanje,,1.89,18.9,3850139520316,Hrana,1.89
Karamel Fantazija,6907035,0.42,420g,Pakovanje,Confiserie Firenze,4.49,10.69,4056489611387,Hrana,4.49
Sredstvo za èišæenje stakla,6907050,1,1l,PET-Boca,-,0.55,0.55,4056489611486,Sredstva za èišæenje,1.39
"Lepi deèki pivo. Meðim.Lager 4,8%",6907064,0.515,"0,5l",Limenka,,1.69,3.38,3859893292002,Piæe,1.69
Proteini.si Protein bar Tiramisu,6907077,0.055,55g,Pakovanje,,1.15,20.91,3830081423439,Hrana,1.15
Andro planinska kobasica,6907100,0.9,900g,Vakumir. pakov.,,6.59,7.32,3858892820124,Hrana,6.59
Studena izvorska voda 4+2 gratis,6907152,9,"6x1,5l",PET-Boca,,3.49,0.39,3856022301802,Piæe,3.49
Ferrero Raffaello,6907167,0.04,40g,Pakovanje,,1.19,1.19,5413548040639,Hrana,1.19
Rexona Dezodorans SK1,6907181,0.15,150ml,Pakovanje,,4.69,31.27,4000388669000,Kozmetika,4.69
Rexona Dezodorans SK1,6907181,0.15,150ml,Pakovanje,,4.69,31.27,8712561319409,Kozmetika,4.69
The Garden Brewery - American Pale ,6907184,0.45,"0,44l",Limenka,,1.85,4.2,3858893811572,Piæe,1.85
The Garden Brewery Craft pivo SK3,6907187,0.443,"0,44l",Limenka,,1.85,4.2,3858893811596,Piæe,1.85
Meggle Creme Patisserie,6907189,0.5,500g,Posudica,,1.79,3.58,4034900027757,Hrana,1.79
Sredstvo za èišæenje podova,6907203,1.006,1l,PET-Boca,-,1.19,1.19,4056489611905,Sredstva za èišæenje,1.19
Bezalkoholni koktel SK1,6907271,0.33,"0,33l",PET-Boca,-,0.69,2.09,4056489611721,Piæe,0.69
Takovo Eurocrem blok èokolada,6907286,0.08,80g,Tabla,,0.79,9.88,3875000050310,Hrana,0.79
Izotonièni napitak šumska jagoda,6408050,0.5,500ml,PET-Boca,Optisana Sports,0.89,1.78,4304493260009,Piæe,0.99
Multivitamin XXL,6408908,1,"1,5l",Pakovanje,,1.99,1.33,4056489272465,Piæe,1.99
Kefir bez laktoze,6409245,0.45,450g,Pakovanje,Pilos,0.99,2.2,4056489337140,Hrana,0.99
Trapist u listiæima,6409887,0.15,150g,Atmos-Pakiranje,Pilos,1.99,13.27,4056489338338,Hrana,1.99
Goldenfood File paèjih prsa,6410893,1,"cca. 0,4-0,6kg",Vakumir. pakov.,,9.99,9.99,2898033000000,Hrana,9.99
Goldenfood File paèjih prsa,6410893,1,"cca. 0,4-0,6kg",Vakumir. pakov.,,9.99,9.99,2898034000000,Hrana,9.99
Goldenfood File paèjih prsa,6410893,1,"cca. 0,4-0,6kg",Vakumir. pakov.,,9.99,9.99,2898037000000,Hrana,9.99
Goldenfood Svj. paèji batak-zabatak,6410895,1,"cca. 0,4-0,6kg",Vakumir. pakov.,,8.99,8.99,2898052000000,Hrana,8.99
Goldenfood Svj. paèji batak-zabatak,6410895,1,"cca. 0,4-0,6kg",Vakumir. pakov.,,8.99,8.99,2898053000000,Hrana,8.99
Scrub Daddy Original yellow Sch.,6415435,0.03,1komad,Pakovanje,,3.29,3.29,5060481023870,Sredstva za èišæenje,3.29
"Pureæa prsa, narezana",6415570,0.25,250g,Atmos-Pakiranje,Pikok,1.49,5.96,4335619088887,Hrana,1.49
Amerièki sladoled SK16,6601570,0.43,"485ml,500ml",Posudica,Gelatelli,3.99,7.98,20396176,Hrana,3.99
Amerièki sladoled SK16,6601570,0.43,"485ml,500ml",Posudica,Gelatelli,3.99,8.23,20559670,Hrana,3.99
Amerièki sladoled SK16,6601570,0.43,"485ml,500ml",Posudica,Gelatelli,3.99,7.98,4056489626145,Hrana,3.99
Soft cookies SK1,6605177,0.225,225g,Vrecica,MCENNEDY,2.59,11.51,20978037,Hrana,2.59
Sir mango-chilli,6609454,0.15,150g,Pakovanje,Deluxe,1.99,13.27,4056489548614,Hrana,1.99
Premium sladoled SK1,6610962,0.423,500ml,Posudica,Gelatelli,3.99,7.98,4056489792581,Hrana,3.99
Gulaš SK6,6700114,0.4,400g,Limenka,Pikok,1.99,4.98,20470562,Hrana,1.99
Nola upaljaè,0146648,0.053,1komad,Kart. na prekl.,,1.15,1.15,4004753045468,Proizvodi za kuæanstvo,1.15
Svježi prirodni sok SK16,0146799,1.045,1l,PET-Boca,Solevita,3.19,3.19,4304493266124,Hrana,3.19
Èokoladni komadiæi SK4,0147053,0.1,100g,Kart. na prekl.,Belbake,1.69,16.9,4056489117858,Hrana,1.69
"Svježi filet lososa, cca.1kg",0148255,1,cca.1kg,Vakumir. pakov.,,13.99,13.99,2869220000000,Hrana,13.49
"Svježi filet lososa, cca.1kg",0148255,1,cca.1kg,Vakumir. pakov.,,13.99,13.99,2869221000000,Hrana,13.49
"Svježi filet lososa, cca.1kg",0148255,1,cca.1kg,Vakumir. pakov.,,13.99,13.99,2869225000000,Hrana,13.49
Mesnata slanina XXL,0142363,0.3,2x150g,Pakovanje,Dulano,2.49,8.3,4056489704768,Hrana,3.19
Èaj u piramida vreæicama UTZ SK36,0143058,0.036,"20x1,6g,20x2g",Kart. na prekl.,Lord Nelson,1.99,1.99,20410292,Piæe,1.99
Nektar od manga,0143692,1.055,1l,Pakovanje,1001 delights,1.39,1.39,4056489028031,Piæe,1.39
Panirani pileæi odrezak,6904317,0.2,200g,Atmos-Posudica,Gourmet,2.49,12.45,4056489074564,Hrana,2.19
"Èokoladne napolitanke, UTZ",6904333,0.37,370g,Pakovanje,Sondey,1.99,5.38,4056489073635,Hrana,1.99
"Svježe pile, cca. 2kg",6904372,1,ca. 2kg,Vrecica,,3.19,3.19,2146204000000,Hrana,3.19
"Teleæi kare s kosti, cca. 500g",6904381,1,ca. 500g,Atmos-Pakiranje,,12.99,12.99,2851940000000,Hrana,12.99
Coppa Coctails Pina Colada 10%,6904392,0.7,"0,7l",Boca,,9.99,14.27,8712436104819,Piæe,9.99
"Dimljena šunka s kosti, cca. 6kg",6904437,6,ca. 6kg,Vakumir. pakov.,Pikok,4.89,4.89,2845190035863,Hrana,4.89
PPK Tirolska kobasica,6904440,0.8,800g,Stanga,,4.99,6.24,3858881618626,Hrana,4.19
Voæni gumeni bomboni,0133243,0.3,300g,Vrecica,Sweet Corner,1.79,5.97,40879284,Hrana,1.79
Hrana za pse SK4,0133276,0.4,400g,Limenka,Orlando Gourmet,0.83,2.08,4056489034124,Proizvodi za kuæanstvo,1.39
Hrana za pse SK4,0133276,0.4,400g,Limenka,Orlando Gourmet,0.83,2.08,4056489655909,Proizvodi za kuæanstvo,1.39
Sladoled štapiæi,0133318,0.25,"6x51ml,6x53ml,6x50ml",Kart. na prekl.,Gelatelli,2.34,7.36,4056489814856,Hrana,Nije_bilo_u_prodaji_02.05.2025
"Meki sir u salamuri SK1, ATG 500g",0133524,0.5,500g,Limenka,Eridanous,8.99,17.98,20898472,Hrana,8.99
Svježi zrnati sir XXL SK2,0133625,0.3,300g,Posudica,Milbona,1.69,5.63,20994969,Hrana,1.69
Baby vlažne maramice XXL SK1,0133951,0.554,100komad,Pakovanje,Lupilu,1.49,0.01,4056489532712,Proizvodi za kuæanstvo,1.49
Biskvit s lješnjak èok. punjenjem,0134275,0.029,29g,Pakovanje,Milbona,0.35,0.35,40894027,Hrana,0.35
Prosecco Spumante Magnum,0134690,1.5,"1,5l",Boca,Allini,9.99,6.66,4056489927761,Piæe,9.99
File aljaške kolje Bordelaise,0134881,0.4,400g,Kart. na prekl.,Ocean Sea,2.69,6.73,20006792,Hrana,2.69
Njegujuæa krema za bebe,0135053,0.101,100ml,Tuba,Lupilu,1.59,15.9,20008901,Kozmetika,1.59
Dolcela Muffin,6906745,0.35,350g,Pakovanje,,2.29,6.54,3850104244834,Hrana,2.29
Ukrasna vreæica 32x26x12cm,6906786,0.08,1komad,Pakovanje,,1.45,1.45,3856023049598,Proizvodi za kuæanstvo,1.45
Perfekte Wäsche Color tekuæi deter.,6906800,4.305,"4,305l",Boca,,4.49,1.04,4262358180001,Sredstva za èišæenje,4.49
Repièino ulje,6906843,0.92,1l,Boca,Vita D'or,1.49,1.49,4056489611165,Hrana,1.49
Boom Box Zobena kaša èokolada/lješ.,6906857,0.3,300g,Pakovanje,,3.49,11.63,3858890479225,Hrana,3.49
Jimmy Fantastic Mlij. èok s keksom,6906860,0.09,90g,Pakovanje,,0.85,9.44,8600939346495,Hrana,0.85
Cappuccino (RFA) SK2,6906884,0.2,200g,Vrecica,Bellarom,1.99,9.95,4056489611196,Piæe,1.99
ZG vreæica Vreæice za smeæe 20 l,6906896,0.184,10komad,Pakovanje,,5.31,0.53,3858886760429,Proizvodi za kuæanstvo,5.31
ZG vreæica Vreæice za smeæe 40 l,6906897,0.23,10komad,Pakovanje,,10.62,1.06,3858886760528,Proizvodi za kuæanstvo,10.62
Violeta Vlažni toaletni papir Sens.,6906920,1.088,4x60komad,Pakovanje,,3.99,1,3870128021280,Proizvodi za kuæanstvo,3.99
Dimljeni polutvrdi sir sa zaèinima,5524127,0.15,150g,Atmos-Posudica,Pilos,1.99,13.27,20366254,Hrana,1.99
Det. za ruèno pranje posuða SK9,5525905,1.025,1l,PET-Boca,-,1.09,1.09,4056489179139,Sredstva za èišæenje,1.09
Sreds. za pranje posuða balsam SK1,5528497,0.51,500ml,PET-Boca,W5,0.99,1.98,4056489259848,Sredstva za èišæenje,0.99
Sreds. za pranje posuða balsam SK1,5528497,0.51,500ml,PET-Boca,W5,0.99,1.98,4056489261087,Sredstva za èišæenje,0.99
"Instant napitak 3u1, 10x18g",5529662,0.18,180g,Vrecica,Bellarom,1.25,6.94,4056489184164,Piæe,1.49
Vafli s kremom od van. Zebra RFA,5530441,0.28,280g,Pakovanje,Sondey,1.55,5.54,4052917071198,Hrana,1.55
"Pureæi filet XXL, cca. 1-1,5 kg",5533555,1,"ca.1-1,5kg",Vakumir. pakov.,RZEZNIK,7.69,7.69,2835552000000,Hrana,7.75
"Pureæi filet XXL, cca. 1-1,5 kg",5533555,1,"ca.1-1,5kg",Vakumir. pakov.,RZEZNIK,7.69,7.69,2894250000000,Hrana,7.75
"Pureæi filet XXL, cca. 1-1,5 kg",5533555,1,"ca.1-1,5kg",Vakumir. pakov.,RZEZNIK,7.69,7.69,2894255000000,Hrana,7.75
"Pureæi filet XXL, cca. 1-1,5 kg",5533555,1,"ca.1-1,5kg",Vakumir. pakov.,RZEZNIK,7.69,7.69,2894258000000,Hrana,7.75
Žele od višnje/naranèe u èok. SK2,5535118,0.19,190g,Kart. na prekl.,Mister Choc,1.79,9.42,20127497,Hrana,1.79
Žele od višnje/naranèe u èok. SK2,5535118,0.19,190g,Kart. na prekl.,Mister Choc,1.79,9.42,4056489304043,Hrana,1.79
Svinjetina u konzervi XXL,5535417,0.42,420g,Limenka,Pikok,2.69,6.4,4056489359098,Hrana,2.69
Micelarni losion SK5,5535713,0.4,400ml,PET-Boca,Cien,2.65,6.63,4056489359388,Kozmetika,2.65
Micelarni losion SK5,5535713,0.4,400ml,PET-Boca,Cien,2.65,6.63,4056489922667,Kozmetika,2.65
Margarin 39%,5537243,0.5,500g,Pakovanje,Vita D'or,1.19,2.38,4056489444824,Hrana,1.19
Mahune,5539740,0.45,450g,Vrecica,Kuljanka,1.49,3.31,4056489880950,Hrana,1.49
Svježi punjeni jast. krumpir/quark,5541195,0.4,400g,Atmos-Posudica,Kuljanka,1.39,3.48,4056489784722,Hrana,1.39
BBQ umak SK1,5543409,0.354,"350g,355g,360g",PET-Boca,Grillmeister,1.89,5.32,4056489584599,Hrana,1.89
Svinjska potrbušina peèena,5545654,1,cca. 400g,Atmos-Posudica,Kuljanka,9.79,9.79,2848035000000,Hrana,9.79
Škare za kosu- britvica,0430466,0.063,"1ST,1ZSE",Pakovanje,,3,3,4058143086944,Kozmetika,3
Gel za tuširanje SK1,0187004,0.412,400ml,PET-Boca,Cien,1.19,2.98,4056489808756,Kozmetika,1.19
"Slatka paprika, dimljena",0187050,0.025,25g,Vrecica,Kania,0.59,0.59,4056489810094,Hrana,0.59
Keksi Choco Nussa,0187528,0.172,172g,Pakovanje,Sondey,1.99,11.57,4056489816089,Hrana,1.99
Bio super hrana u prahu SK2,0187590,0.178,"150g,200g",Vrecica,Optisana,4.99,33.27,4056489816928,Hrana,4.99
Muški gel za tuširanje Sommer SK2,0188610,0.412,400ml,Boca,Cien men,1.29,3.23,4056489827115,Kozmetika,1.29
Smjesa za macaronse SK3,0188832,0.25,250g,Kart. na prekl.,Duc de Coeur,2.29,9.16,20694289,Hrana,2.29
Tablete za pranje posuða All in 1,0189516,1.02,60x17g,Pakovanje,W5,6.99,6.85,4056489845812,Sredstva za èišæenje,6.99
Quatro èokolada,0189575,0.9,1650ml,Plitica,Ballino,4.19,2.54,4056489846277,Hrana,4.19
Mediteranski zaèini SK2,0189653,0.027,"16g,27g,28g,30g,35g",Staklo,Italiamo,1.59,53,20046361,Hrana,1.59
Mediteranski zaèini SK2,0189653,0.027,"16g,27g,28g,30g,35g",Staklo,Italiamo,1.59,56.79,20046385,Hrana,1.59
Mediteranski zaèini SK2,0189653,0.027,"16g,27g,28g,30g,35g",Staklo,Italiamo,1.59,53,20046385,Hrana,1.59
Plata s kobasicama,0190037,0.4,400g,Vakumir. pakov.,Grillmeister,4.99,12.48,4056489848288,Hrana,4.99
Osvježivaè WC školjke SK2,0190620,0.099,3x33g,Blister,W5,2.45,24.75,4056489585565,Sredstva za èišæenje,2.45
Mlijeèni desert SK70,0190738,0.502,900ml,Plitica,Bon Gelati,3.99,4.43,4056489657170,Hrana,3.99
Mlijeèni desert SK70,0190738,0.502,900ml,Plitica,Bon Gelati,3.99,4.43,40896694,Hrana,3.99
Kokice za mikrovalnu peænicu SK1,0190773,0.3,3x100g,Pakovanje,MCENNEDY,0.99,3.3,20064570,Hrana,0.99
Šeæerna dekoracija Uskrs SK33,0192649,0.027,"11g,12g,16g,25g,4x25g",Kart. na prekl.,Belbake,1.99,124.38,4056489442264,Hrana,1.99
Šeæerna dekoracija Uskrs SK33,0192649,0.027,"11g,12g,16g,25g,4x25g",Kart. na prekl.,Belbake,1.99,165.83,4056489865643,Hrana,1.99
Šeæerna dekoracija Uskrs SK33,0192649,0.027,"11g,12g,16g,25g,4x25g",Kart. na prekl.,Belbake,1.99,124.38,4056489865643,Hrana,1.99
Šeæerna dekoracija Uskrs SK33,0192649,0.027,"11g,12g,16g,25g,4x25g",Kart. na prekl.,Belbake,1.99,19.9,4056489865667,Hrana,1.99
Šeæerna dekoracija Uskrs SK33,0192649,0.027,"11g,12g,16g,25g,4x25g",Kart. na prekl.,Belbake,1.99,19.9,4056489865711,Hrana,1.99
Kozji sir SK1,0192758,0.1,100g,Pakovanje,Deluxe,1.99,19.9,4056489868989,Hrana,1.99
Peterostruka britvica,0193288,0.025,1komad,Kart. na prekl.,Cien,4.59,4.59,4056489873976,Kozmetika,4.59
Mekani sir s punjenjem SK10,0193570,0.188,"180g,195g",Pakovanje,Deluxe,2.69,13.79,20276492,Hrana,2.69
Kukuruzne grickalice SK1,0193872,0.1,100g,Vrecica,Halloween,1.59,15.9,4056489883050,Hrana,1.59
Gotova jela za tavu SK57,0194158,0.75,750g,Vrecica,Culinea,4.49,5.99,4056489127307,Hrana,4.49
Povrtni nuggets SK1,0194897,0.25,250g,Kart. na prekl.,Vemondo,2.39,9.56,4056489893967,Hrana,2.39
Japanske zaèinske paste SK1,0194906,0.12,120g,Staklo,Vitasia,1.69,14.08,4056489932154,Hrana,1.69
Aparat za šišanje,0416821,0.16,1ST,Pakovanje,Silvercrest Personal Care,3,3,4055334930031,Kozmetika,3
Sanitas Èetka za èišæenje lica,0454239,0.1,1ST,Pakovanje,,10,10,4211125853624,Kozmetika,10
Univerzalna krpa od mikrovla. SK10,0085302,0.063,"2komad,3komad",Kart. na prekl.,W5,2.35,1.18,20431853,Proizvodi za kuæanstvo,2.35
Univerzalna krpa od mikrovla. SK10,0085302,0.063,"2komad,3komad",Kart. na prekl.,W5,2.35,1.18,4056489920557,Proizvodi za kuæanstvo,2.35
Univerzalna krpa od mikrovla. SK10,0085302,0.063,"2komad,3komad",Kart. na prekl.,W5,2.35,1.18,4056489920564,Proizvodi za kuæanstvo,2.35
Univerzalna krpa od mikrovla. SK10,0085302,0.063,"2komad,3komad",Kart. na prekl.,W5,2.35,0.78,4056489920564,Proizvodi za kuæanstvo,2.35
Trolli Gumeni špageti SK2,0085374,0.225,225g,Vrecica,,1.99,8.84,4000512363859,Hrana,1.99
Djed Božiænjak sa èok. dražeima,0085475,0.155,155g,Pakovanje,Favorina,1.69,10.9,20424329,Hrana,1.69
KMT Kruti šampon SK1,6907909,0.04,40g,Kutija,,4.99,124.75,3859892810184,Kozmetika,4.99
Prime Napitak Meta Moon,6907946,0.53,"0,5l",PET-Boca,,2.19,4.38,4262358180483,Piæe,2.19
Podravka Planinski èaj,6907981,0.044,44g,Kart. na prekl.,,1.59,1.59,3856020205270,Piæe,1.59
"Spirits of Croatia Medica, 20% vol.",6907991,0.5,"0,5l",Boca,,7.49,14.98,3858894860067,Piæe,7.49
BO kiflica mlijeèna ,6908013,0.07,70g,Rasuto,,0.39,5.57,3856028403517,Hrana,0.39
BO kiflica mlijeèna ,6908013,0.07,70g,Rasuto,,0.39,5.57,3856028403524,Hrana,0.39
Podravka Mamina juha,6908038,0.06,60g,Vrecica,,1.39,23.17,3856020255800,Hrana,1.39
"Graševina, kvalitetno bijelo vino ",6908056,1,1l,Boca,,3.99,3.99,3850257022556,Piæe,4.99
Premium Ajvar blagi,6908110,0.53,530g,Staklo,Kania,4.99,9.42,4056489925576,Hrana,4.99
Kinder Pingui Trešnja,6908168,0.12,4x30g,Pakovanje,,2.29,19.08,8000500373729,Hrana,2.29
Sensodyne Premium Pasta za zube SK1,6908198,0.075,75ml,Tuba,,4.49,59.87,5054563103789,Kozmetika,4.49
Sensodyne Premium Pasta za zube SK1,6908198,0.075,75ml,Tuba,,4.49,59.87,5054563119759,Kozmetika,4.49
Sensodyne Premium Pasta za zube SK1,6908198,0.075,75ml,Tuba,,4.49,59.87,5054563242877,Kozmetika,4.49
The Garden Brewery New England Pale,6908210,0.33,"0,33l",Limenka,,1.29,3.91,3858893812128,Piæe,1.29
Marelica 500g,0080345,0.5,500g,Pakovanje,,2.99,5.98,20223458,Hrana,1.99
Breskva 500g,0080400,0.5,500g,Pakovanje,,1.99,3.98,20247751,Hrana,1.89
Breskva plosnata 500g,0080446,0.5,500g,Pakovanje,,2.99,5.98,20375591,Hrana,1.19
"Grožðe bijelo 500g, bez koštica",0080505,0.5,500g,Pakovanje,,2.19,4.38,4014071692992,Hrana,2.19
"Grožðe bijelo 500g, bez koštica",0080505,0.5,500g,Pakovanje,,2.19,4.38,7908046701451,Hrana,2.19
Kivi 1kg,0080682,1,1kg,Pakovanje,,2.49,2.49,3859892528140,Hrana,2.29
Mango ready to eat,0080715,1,2komada,Pakovanje,,2.22,2.22,20657178,Hrana,2.99
Physalis,0080735,0.1,100g,Pakovanje,,0.49,4.9,8718858740123,Hrana,1.29
Borovnica 125g,0080820,0.125,125g,Pakovanje,,1.49,11.92,7804674660002,Hrana,1.49
Borovnica 125g,0080820,0.125,125g,Pakovanje,,1.49,11.92,8437001615049,Hrana,1.49
Bio banana,0081500,1,1kg,Rasuto,,1.99,1.99,4335619068865,Hrana,1.99
Salata Crispy,0082064,0.08,80g,Pakovanje,,1.09,13.63,4056489021339,Hrana,1.09
Mahuna zelena široka,0082327,0.5,500g,Pakovanje,,2.99,5.98,3859893446245,Hrana,2.49
Domaæa rajèica cherry 250g,0082386,0.25,250g,Pakovanje,,2.19,8.76,3858893060161,Hrana,2.19
Paprika mix,0082586,0.5,500g,Pakovanje,,1.69,3.38,20242152,Hrana,1.99
Spužvica za šminku,0441136,0.008,1ST,Pakovanje,Cien BEAUTY,0.5,0.5,4335633057982,Kozmetika,0.5
"Dimljena sušena slanina, 240g",5217319,0.24,240g,Atmos-Pakiranje,MCENNEDY,3.89,16.21,4056489239819,Hrana,3.89
Kolaè od sira SK4,5228046,0.48,480g,Kart. na prekl.,Deluxe,6.89,14.35,4056489852889,Hrana,6.89
Kolaè od sira SK7,5231951,0.443,"430g,450g",Kart. na prekl.,Hatherwood,5.19,12.07,4056489755944,Hrana,5.19
Kolaè od sira SK7,5231951,0.443,"430g,450g",Kart. na prekl.,Hatherwood,5.19,11.53,4056489755944,Hrana,5.19
Gouda listiæi XXL,5500121,0.5,500g,Atmos-Posudica,Pilos,4.99,9.98,20265793,Hrana,4.99
"Vafli s kremom od vanilije, RFA",5500247,0.28,280g,Pakovanje,Sondey,1.55,5.54,20498344,Hrana,1.55
Kocke za juhu SK6,5500632,0.12,120g,Kart. na prekl.,Kania,0.75,6.25,20420642,Hrana,0.75
Tonik,5501198,2.077,2l,PET-Boca,Freeway,1.39,0.7,4056489446576,Piæe,1.39
Pribor za manikuru-pedikuru,0426320,0.036,"2ST,1ST",Pakovanje,Cien BEAUTY,1,1,4058143079151,Kozmetika,1
Svježi filet pileæih prsa,6907295,1,ca. 1kg,Vakumir. pakov.,,5.65,5.65,2895143000000,Hrana,5.25
Pošip Selection,6907331,0.75,"0,75l",Boca,,6.99,9.32,3859891991747,Piæe,6.99
Ledo Quattro Nostalgija sladoled,6907369,0.923,1650ml,Posudica,,4.99,3.02,3850116058719,Hrana,4.99
Ledo Kineska mješavina,6907374,0.4,400g,Vrecica,,2.49,6.23,3850116053400,Hrana,2.49
Ledo Panirani riblji štapiæi,6907384,0.3,300g,Pakovanje,,2.49,8.3,3850116066486,Hrana,2.49
Svježi brancin oèišæeni,6907387,0.72,720g,Atmos-Pakiranje,Naša ribarnica,10.99,15.26,4056489611851,Hrana,10.99
Juneæi odresci iz buta Frikando,6907397,1,ca. 600g,Atmos-Pakiranje,Naša mesnica,15.99,15.99,2892890000000,Hrana,17.99
Juneæa koljenica b.k.,6907398,1,ca. 700g,Atmos-Pakiranje,-,10.49,10.49,2892880000000,Hrana,12.99
Salvete 1-slojne,6907480,0.165,100komad,Pakovanje,Floralys,0.99,0.01,4056489612278,Proizvodi za kuæanstvo,0.99
Cedevita Vitaminska voda lim/ananas,6907493,0.5,"0,5l",PET-Boca,,1.05,2.1,3850322016183,Piæe,1.05
Pureæi æevapèiæi sa sirom,6907497,0.4,400g,Atmos-Pakiranje,Naša mesnica,3.79,9.48,4056489611974,Hrana,3.79
"Cromaris Zubatac, ca. 900g",6907560,1,ca. 900g,Atmos-Pakiranje,,21.99,21.99,2128021000000,Hrana,21.99
Lino Èokolino Dark,6907562,0.35,350g,Vrecica,,5.59,15.97,3856020262815,Hrana,5.59
Aranžmani Mirna & Princ,6907569,1.41,1komad,Pakovanje,,32.99,32.99,3858892743904,Proizvodi za kuæanstvo,32.99
Èarli Deterdžent za posuðe SK1,6907576,0.923,900ml,Boca,,2.39,2.66,3850111304132,Sredstva za èišæenje,2.39
Orgula Ekstra djevièansko mas. ulje,6907634,0.916,1l,Boca,,8.99,8.99,3859890446217,Hrana,8.99
Èips Chilli,6907640,0.15,150g,Vrecica,Snack Day,1.15,7.67,4056489925187,Hrana,1.15
Medni sufle SK2,6907716,0.2,200g,Staklo,,3.25,16.25,0796554964683,Hrana,3.25
"Èešnjovka, cca 500g",6907734,1,ca. 500g,Vakumir. pakov.,,9.99,9.99,2122940000000,Hrana,9.99
Helena Sapun od kozjeg mlijeka SK1,6907803,0.105,105g,Pakovanje,,3.55,33.81,3859893988004,Kozmetika,3.55
Helena Sapun od kozjeg mlijeka SK1,6907803,0.105,105g,Pakovanje,,3.55,33.81,3859893988011,Kozmetika,3.55
Faks Det. za pr. rublja Superactive,6907863,3.51,"3,51kg",Kart. na prekl.,,8.69,2.48,3850105176646,Sredstva za èišæenje,8.69
"'z bregov Svježe mlijeko 3,2% m.m.",6901019,1,1l,PET-Boca,,1.49,1.49,3850108011715,Hrana,1.49
Èvarci XXL,6901026,0.3,300g,Atmos-Pakiranje,Okusi zavièaja,4.29,14.3,40894744,Hrana,4.29
Nivea Body Milk SK2,6901147,0.25,250ml,Boca,,4.89,19.56,4005808247349,Kozmetika,4.89
Pitroid Tablete protiv komaraca,6901170,0.045,30komad,Pakovanje,,3.55,0.12,3856007902093,Proizvodi za kuæanstvo,3.55
Tekuæi jogurt jagoda-vanilija,6901217,1,1kg,PET-Boca,Pilos,1.99,1.99,20539917,Hrana,1.99
Dalmatinski pršut 18mj. dozrijevan,6901297,0.1,100g,Atmos-Pakiranje,Deluxe,2.19,21.9,20661717,Hrana,2.19
Tuš za oèi SK3 ,0120329,0.006,1komad,Pakovanje,Cien Beauty,2.35,2.35,4056489619840,Kozmetika,2.35
Šeæerna glazura SK2,0120622,0.125,125g,Vrecica,Belbake,0.99,7.92,20774905,Hrana,0.99
Apr?s Sun Aloe Vera&Intensiv.SK1,0120742,0.253,250ml,PET-Boca,Cien Sun,2.99,11.96,4056489601753,Kozmetika,2.99
Grèki jogurt SK3,0120747,0.5,4x125g,Posudica,Eridanous,1.65,3.3,20781705,Hrana,1.65
BO Lisnato s jabukom i pudingom,0120943,0.1,90g,Rasuto,,0.55,6.11,20786427,Hrana,0.55
BO Lisnato s kakaom,0120944,0.1,90g,Rasuto,,0.55,6.11,20786434,Hrana,0.55
BO Kukur. pecivo sa svježim sirom,0120959,0.1,90g,Rasuto,,0.55,6.11,20786588,Hrana,0.55
Korneti SK1,0121358,0.45,6x120ml,Kart. na prekl.,Gelatelli,3.39,4.71,20800864,Hrana,3.39
Gumeni bomboni tropski mix,0121650,0.3,300g,Vrecica,Sugarland,1.79,5.97,20358709,Hrana,1.79
Posvjetljivaè noktiju,0121892,0.011,11ml,Pakovanje,Cien Beauty,1.59,1.59,20872496,Kozmetika,1.59
Sušilo za kosu,0449212,0.646,1ST,Pakovanje,Silvercrest Personal Care,10,10,4335633018068,Kozmetika,10
"Gumeni bomboni, vegan",0179797,0.3,300g,Vrecica,Sweet Corner,1.39,4.63,4056489697909,Hrana,1.79
Zlatni i srebrni listiæi SK1,0180015,0.001,3komad,Kart. na prekl.,Belbake,2.99,1,4056489704041,Hrana,2.99
"Napitak od zobi 1,8%",0180401,1.036,1000ml,Karton,Vemondo,1.49,1.49,4335619030961,Hrana,1.49
Talijanska kobasica SK24,0180753,0.1,100g,Atmos-Pakiranje,Deluxe,2.89,28.9,4056489714941,Hrana,2.89
Fitness Bowl SK1,0181184,0.4,400g,Plitica,Culinea,2.89,7.23,4056489723257,Hrana,2.89
Osvj. prostora gel perle SK1,0181540,0.11,110g,Pakovanje,Air by W5,1.59,14.45,4335619105584,Sredstva za èišæenje,1.79
SweetLife Erythritol,0181833,0.5,500g,Vrecica,,4.59,9.18,7640122995858,Hrana,4.59
Mix orašasti plodovi i voæe SK2,0183851,0.2,200g,Vrecica,Alesto Selection,2.39,11.95,20815394,Hrana,2.39
Svježi sok od naranèe XXL,0183888,1.303,"1,25l",PET-Boca,Solevita,3.69,2.95,4304493268364,Hrana,3.69
Kotanyi Secrets SK4,0184462,0.035,"25g,30g,35g,38g,40g",Vrecica,,0.79,0.79,9001414011546,Hrana,0.79
Kotanyi Secrets SK4,0184462,0.035,"25g,30g,35g,38g,40g",Vrecica,,0.79,0.79,9001414034651,Hrana,0.79
Marinirani kukuruz klip SK1,0185316,0.42,420g,Vakumir. pakov.,Grillmeister,2.69,6.4,4056489787365,Hrana,2.69
Toffee bijela èokolada,0185698,0.125,125g,Pakovanje,Mister Choc,1.45,11.6,4056489788850,Hrana,1.45
Sladoled SK92,0185764,0.508,1000ml,Plitica,Bon Gelati,3.49,3.49,20001360,Hrana,3.49
Zaèinjene tagliatelle SK10,0186184,0.5,500g,Vrecica,Deluxe,1.89,3.78,4056489791881,Hrana,1.89
Muffini punjeni SK3,0166431,0.368,"360g,375g",Pakovanje,MCENNEDY,2.89,8.03,4056489416449,Hrana,2.89
Princes Krafne SK5,0167106,0.4,400g,Kart. na prekl.,MCENNEDY,5.59,13.98,4056489495635,Hrana,5.59
Tortilla XXL,0167774,0.74,740g,Pakovanje,Snack Day,2.29,3.09,4056489506829,Hrana,2.29
Jogurt Natur SK1,0168038,0.15,150g,Posudica,Pilos,0.55,3.67,4056489516057,Hrana,0.55
Mesni sir XXL SK1,0168204,0.492,"450g,500g",Atmos-Pakiranje,Dulano,3.99,7.98,4056489520290,Hrana,3.99
Mesni sir XXL SK1,0168204,0.492,"450g,500g",Atmos-Pakiranje,Dulano,3.99,8.87,4056489520306,Hrana,3.99
Smrznuti sir za peèenje SK1,0168239,0.25,250g,Kart. na prekl.,El Tequito,2.49,9.96,20831288,Hrana,2.49
Krema za ruke SK7,0168553,0.101,100ml,Tuba,Cien,1.04,10.4,4056489526735,Kozmetika,1.15
Claudel/Istara Sirni specijaliteti,0130333,0.195,"150g,200g,220g",Pakovanje,,2.99,19.93,3023260030720,Hrana,2.99
Claudel/Istara Sirni specijaliteti,0130333,0.195,"150g,200g,220g",Pakovanje,,2.99,13.59,3023260030720,Hrana,2.99
Claudel/Istara Sirni specijaliteti,0130333,0.195,"150g,200g,220g",Pakovanje,,2.99,19.93,3228024090303,Hrana,2.99
Grickalice za pse SK1,0130809,0.16,"100g,150g,200g",Vrecica,Orlando,0.89,8.9,20971588,Proizvodi za kuæanstvo,0.89
Grickalice za pse SK1,0130809,0.16,"100g,150g,200g",Vrecica,Orlando,0.89,5.93,20971588,Proizvodi za kuæanstvo,0.89
Grickalice za pse SK1,0130809,0.16,"100g,150g,200g",Vrecica,Orlando,0.89,5.93,20971595,Proizvodi za kuæanstvo,0.89
Grickalice za pse SK1,0130809,0.16,"100g,150g,200g",Vrecica,Orlando,0.89,4.45,20971618,Proizvodi za kuæanstvo,0.89
Sigurnosni štapiæi za uši,0130996,0.034,72komad,Box,Lupilu Nature,0.85,0.01,20975227,Proizvodi za kuæanstvo,0.85
Pegla za kosu,0426573,0.392,1ST,Pakovanje,,15,15,4058143079779,Kozmetika,15
'z bregov Proteinski napitak vanil.,6903398,0.529,"0,5l",PET-Boca,,2.52,5.04,3850108023602,Hrana,2.52
'z bregov Protein. napit. èok. ban.,6903399,0.529,"0,5l",PET-Boca,,2.52,5.04,3850108023619,Hrana,2.52
"'z bregov Kefir 3,5% m.m.",6903406,1,1kg,PET-Boca,,2.52,2.52,3850108037531,Hrana,2.52
Multivita Direct SK5,6903521,0.03,"30g,37,5g",Sortirano,,4.59,4.59,3858881248069,Hrana,4.59
"Istarska panceta, cca. 250g",6903556,1,ca. 250g,Vakumir. pakov.,Okusi zavièaja,11.9,11.9,2895870000000,Hrana,11.9
"Paulaner Pšenièno pivo 5,5%, 0,5l",6903572,0.5,"0,5l",Limenka,,1.78,3.56,4066600601920,Piæe,1.78
Corny Èokolada,6903599,0.05,50g,Pakovanje,,1.19,23.8,4011800586515,Hrana,1.19
Viljamovka 38%,6903626,0.552,"0,5l",Boca,,11.28,22.56,3859890900016,Piæe,11.28
Draže bomboni SK2,0001074,0.016,16g,Pakovanje,Amanie,0.35,0.35,20535780,Hrana,0.39
Èetka za kosu,0437870,0.078,1ST,Pakovanje,Cien BEAUTY,1,1,4335633004269,Kozmetika,1
VitalMaxx El. odstranji. rožn. kože,0417255,0.4,1ST,Pakovanje,,5,5,4052926062002,Kozmetika,5
BO Donut s punjenjem od vanilije,0207509,0.067,67g,Rasuto,,0.59,8.81,5410683149838,Hrana,0.59
Sladoled SK12,0207510,0.445,750ml,Posudica,Italiamo,2.79,3.72,20151324,Hrana,2.79
Sladoled SK12,0207510,0.445,750ml,Posudica,Italiamo,2.79,3.72,20294496,Hrana,2.79
Baby pelene gaæice XL,0208359,1.11,36komad,Pakovanje,Lupilu,8.59,0.24,4335619036246,Proizvodi za kuæanstvo,8.59
Djeèje pelene maxi,0208361,2.18,84komad,Pakovanje,Lupilu,10.59,0.13,4335619036260,Proizvodi za kuæanstvo,10.59
Proteinski prutiæ s punjenjem SK1,0208380,0.05,50g,Pakovanje,-,1.59,31.8,4056489997665,Hrana,1.59
Proteinski prutiæ s punjenjem SK1,0208380,0.05,50g,Pakovanje,-,1.59,31.8,4056489997672,Hrana,1.59
Tortilla èips SK15,0209460,0.2,200g,Vrecica,Snack Day,1.09,5.45,4335619046283,Hrana,1.09
Prutiæi za pse SK6,0209887,0.176,16x11g,Pakovanje,Orlando,2.19,12.44,4056489915232,Proizvodi za kuæanstvo,2.29
XXL Maslac od kikirikija SK1,0210066,1,1kg,Kanta,Maribel,5.39,5.39,4335619010970,Hrana,5.39
Njega lica SK1,0210714,0.118,"125ml,30ml,50ml",Sortirano,Cien,2.09,69.67,4335619061743,Kozmetika,2.09
Njega lica SK1,0210714,0.118,"125ml,30ml,50ml",Sortirano,Cien,2.09,69.67,4335619061750,Kozmetika,2.09
Premium pizza SK1,0211831,0.42,"430g,427g,403g",Kart. na prekl.,Deluxe,3.72,8.71,4335619069848,Hrana,3.72
Premium pizza SK1,0211831,0.42,"430g,427g,403g",Kart. na prekl.,Deluxe,3.72,8.65,4335619069862,Hrana,3.72
"Käsewelt gouda, cca.3kg",0211915,1,ca. 3kg,Pakovanje,,5.99,5.99,2802212000000,Hrana,5.99
"Käsewelt gouda, cca.3kg",0211915,1,ca. 3kg,Pakovanje,,5.99,5.99,2802213000000,Hrana,5.99
"Käsewelt gouda, cca.3kg",0211915,1,ca. 3kg,Pakovanje,,5.99,5.99,2802214000000,Hrana,5.99
Dvostruki èokoladni keksi Vegan ,0213107,0.225,225g,Pakovanje,Sondey,1.89,8.4,4335619082526,Hrana,1.89
Proteinske kuglice SK1,0213123,0.2,200g,Atmos-Posudica,Chef Select,2.79,13.95,4335619082564,Hrana,2.79
Proteinske kuglice SK1,0213123,0.2,200g,Atmos-Posudica,Chef Select,2.79,13.95,4335619082571,Hrana,2.79
RSA Chenin Blanc 11%,0214906,0.75,"0,75l",Boca,Cimarosa,2.69,3.59,4335619073777,Piæe,2.69
Krem sir SK84,0215272,0.125,125g,Pakovanje,Milbona,1.99,15.92,4335619101043,Hrana,1.99
MSC Fish & Chips,0215350,1.1,1100g,Vrecica,Hatherwood,7.49,6.81,4335619101234,Hrana,7.49
Veganski torteloni SK2,0215659,0.25,250g,Pakovanje,Vemondo,1.99,7.96,4056489388555,Hrana,1.99
Punjena tjestenina SK1,0215713,0.25,250g,Plitica,Alpenfest,1.99,7.96,4056489290384,Hrana,1.79
Punjena tjestenina SK1,0215713,0.25,250g,Plitica,Alpenfest,1.99,7.96,4056489290391,Hrana,1.79
Veganski njoki SK1,0215733,0.5,"400g,600g",Vrecica,Vemondo,1.29,2150,4056489706298,Hrana,1.29
"Spužva za odstran. mrlja 11x7x2,9cm",0215862,0.012,6komad,Kart. na prekl.,W5,2.19,0.37,4335619105188,Proizvodi za kuæanstvo,2.19
Bio bezglutenski bageti SK4,0215912,0.18,180g,Vrecica,Tastino,2.59,14.39,4056489472612,Hrana,2.59
Perlice za pranje SK1,0216201,0.24,195g,Boca,Doussy,2.83,14.51,4335619104761,Sredstva za èišæenje,2.83
Štapiæi za dentalnu njegu pasa SK1,0216941,0.27,270g,Vrecica,Orlando,1.49,5.52,4056489069645,Proizvodi za kuæanstvo,1.49
Široki rezanci sa špinatom,6908221,0.4,400g,Vrecica,Okusi zavièaja,0.99,2.48,4056489925729,Hrana,1.49
Violeta Baby pelene Junior 5,6908223,3.63,104komad,Pakovanje,,19.99,0.19,3870128033023,Proizvodi za kuæanstvo,19.99
Koestlin Paris Retro Cocoa,6908242,0.3,300g,Kart. na prekl.,,1.69,5.63,3856014104770,Hrana,1.69
Buðola narezak,6908254,0.5,500g,Atmos-Pakiranje,Okusi zavièaja,7.89,15.78,4056489925712,Hrana,8.99
"Kulenova seka, 250g",6908268,0.25,250g,Vakumir. pakov.,Okusi zavièaja,3.99,15.96,4056489925880,Hrana,3.99
Èajna kobasica narezak,6908269,0.25,250g,Atmos-Pakiranje,Pikok,2.85,11.4,4056489926559,Hrana,2.85
Podravka Dalmatinska juha,6908285,0.06,60g,Vrecica,,0.99,16.5,3850104003837,Hrana,0.99
Festigia Castello,6908289,0.75,"0,75l",Boca,,13.89,18.52,3858881196834,Piæe,13.89
Nivea Dezodorans SK1,6908316,0.155,250ml,Limenka,,6.29,25.16,9005800379203,Kozmetika,6.29
Sunlove Njega za kosu SK1,6908343,0.256,250ml,PET-Boca,,2.59,10.36,3850177003772,Kozmetika,2.59
Ricola SK1,6908383,0.04,40g,Pakovanje,,1.59,1.59,7610700015513,Hrana,1.59
BO Premium Craft kruh,6908396,0.4,400g,Rasuto,,2.29,5.73,3858889619168,Hrana,2.29
"Vranac KZP, crno vino",6908438,2,2l,PET-Boca,,3.99,2,3859894110282,Piæe,3.99
Thomas Henry Ginger Beer,6908463,0.75,"0,75l",Boca,,3.99,5.32,4251760802540,Piæe,3.99
"Vintage Pelinkovac & Tonik 4,5 vol.",6908465,0.339,"0,33l",Limenka,,1.59,4.82,3859894287014,Piæe,1.59
"""Karla"" Pljukanci sa špinatom",6908471,0.25,250g,Vrecica,,1.2,4.8,3858881509146,Hrana,1.2
Maggi ABC Juha ,6908487,0.176,4x44g,Pakovanje,,2.49,14.15,8445291518384,Hrana,2.49
"Janjeæi flam i rebra, cca. 800g",6908517,1,ca. 800g,Atmos-Pakiranje,,15.99,15.99,2894290000000,Hrana,14.99
"Podravka Kulen kobasica, nar. XXL",6908526,0.3,300g,Atmos-Pakiranje,,5.99,19.97,3856020261849,Hrana,5.99
Voæni jogurt 2.8% breskva,6908543,0.4,400g,Pakovanje,Pilos,0.99,2.48,4056489926276,Hrana,0.99
Zorina mast Losion za sunèanje SK1,6908550,0.23,200ml,PET-Boca,,9.49,47.45,3859894008190,Kozmetika,9.49
Pileæi mini filet,6908566,0.4,400g,Atmos-Pakiranje,Naša mesnica,4.29,10.73,4056489926290,Hrana,4.29
Baby feferoni SK1,0098636,0.335,370ml,Staklo,El Tequito,1.29,3.49,20561550,Hrana,1.29
Sanitas Ureðaj za èišæenje lica,0455243,0.138,1ST,Pakovanje,,7,7,4211125855567,Kozmetika,7
Lenor Omekšivaè Sensitive 45 pranja,0000493,1.355,"1,36l",Boca,,4.25,0.09,8001090207418,Sredstva za èišæenje,4.25
Nescafé Dolce Gusto 3x16kom.,0000514,0.48,480g,Kutija,,12.79,26.65,7613287337030,Piæe,12.99
Nescafé Dolce Gusto Cortado 3x16kom,0000517,0.302,"302,4g",Kutija,,12.79,42.29,7613287379306,Piæe,12.99
Nescafé Gold,0000525,0.38,380g,Staklo,,15.69,41.29,8445290820662,Piæe,15.89
Gillette Gel za brijanje SK,0000533,0.237,240ml,Sprühdose,,5.29,22.04,7702018405015,Kozmetika,5.29
Always Ultra Quattro ulošci SK,0000536,0.165,"40komad,24komad,28komad,20komad",Pakovanje,,4.99,0.12,4015400489764,Proizvodi za kuæanstvo,4.99
Always Ultra Quattro ulošci SK,0000536,0.165,"40komad,24komad,28komad,20komad",Pakovanje,,4.99,0.21,8006540211380,Proizvodi za kuæanstvo,4.99
Naturella Ultra ulošci SK,0000538,0.148,"40komad,32komad,28komad",Pakovanje,,4.79,0.12,8006540399521,Proizvodi za kuæanstvo,4.79
Èipi Èips SK1,0000629,0.195,"190g,200g",Vrecica,,2.99,14.95,3856021300547,Hrana,2.99
Jar Platinum All in one za pr. pos.,0000641,1.827,110kom,Pakovanje,,21.99,0.2,8006540816684,Sredstva za èišæenje,21.99
Lenor mirisne perlice Scent of Arie,0000655,0.287,285g,PET-Boca,,6.35,22.28,8006540758977,Sredstva za èišæenje,6.35
Carefree dnevni ulošci cotton feel ,0000677,0.2,100kom,Kart. na prekl.,,3.89,0.04,3574661690346,Proizvodi za kuæanstvo,3.89
Haribo gumeni bomboni SK1,0000701,0.2,200g,Vrecica,,2.45,12.25,9002975315104,Hrana,2.45
SYOSS regenerator CURLS & WAVES,0000741,0.44,440ml,PET-Boca,Henkel,4.49,10.2,9000101277999,Kozmetika,4.49
Persil Tekuæi deterdžent Expert Se.,0000743,3.722,"3,6l",PET-Boca,Henkel,15.29,4.25,9000101806458,Sredstva za èišæenje,15.29
Jar tab. za pr. posuða All in One,0000822,2.975,184kom,Pakovanje,,23.39,0.13,8006540750407,Sredstva za èišæenje,27.99
Kellogg’s Trésor Choco Nut,0000830,0.41,410g,Kart. na prekl.,,4.19,10.22,5053827199568,Hrana,4.19
Croccantini SK1,0125554,0.15,150g,Vrecica,Italiamo,1.79,11.93,20872014,Hrana,1.79
Skyr (jogurt) voæni SK1,0125984,0.15,150g,Posudica,Pilos,0.95,6.33,20881078,Hrana,0.95
Skyr (jogurt) voæni SK1,0125984,0.15,150g,Posudica,Pilos,0.95,6.33,20881085,Hrana,0.95
Pulled Turkey,0126504,0.5,500g,Kart. na prekl.,McEnnedy,5.99,11.98,20891701,Hrana,5.99
Hrana za pse [SC] SK6,0126679,0.15,150g,Plitica,Orlando Gourmet,0.65,4.33,4056489014386,Proizvodi za kuæanstvo,0.65
Tamna i bijela èok. s lješnj. SK43,0126770,0.1,100g,Tabla,Fin Carré,1.59,15.9,20303037,Hrana,1.69
"Ukrasi za lice, kosu i nokte",0458590,0.023,1ST,Pakovanje,Cien BEAUTY,0.5,0.5,4335747045707,Kozmetika,0.5
Aparat za brijanje,0460919,0.243,1ST,Pakovanje,Silvercrest Personal Care,10,10,4052916105795,Kozmetika,10
Proljetne rolice SK3,0195692,0.35,350g,Vrecica,Vitasia,2.49,7.11,4056489915775,Hrana,1.95
Krem sir s wasabijem,0196456,0.175,175g,Posudica,Vitasia,1.49,8.51,4056489918851,Hrana,1.49
Maramice za èišæenje lica SK2,0197694,0.172,2x25komad,Pakovanje,Cien,1.59,0.03,4056489916291,Proizvodi za kuæanstvo,1.59
"Amaretto 21,5% Vol.",0197858,0.752,"0,7l",Boca,Armilar,5.49,7.84,4304493269842,Piæe,5.49
High Protein Pizza SK5,0198603,0.367,"354g,379g",Kart. na prekl.,Trattoria Alfredo,3.99,10.53,4056489526285,Hrana,3.99
BO Mini krafna s èokoladom,0198835,0.025,25g,Rasuto,,0.39,0.39,4056489936725,Hrana,0.39
Tablete za strojno pranje posuða,0199182,1.2,80x15g,Pakovanje,W5,5.99,4.99,4056489939924,Sredstva za èišæenje,5.99
Premium pelene za novoroðenèe vel.1,0199588,0.45,26komad,Pakovanje,Lupilu,3.49,0.13,4056489947349,Proizvodi za kuæanstvo,3.49
Premium pelene maxi vel. 4,0199591,1.3,46komad,Pakovanje,Lupilu,7.19,0.16,4056489947370,Proizvodi za kuæanstvo,7.19
Kruh od cjelovitog zrna,0199935,0.5,500g,Vrecica,Tastino,1.69,3.38,4056489954774,Hrana,1.69
Burger SK1,0200893,0.205,"200g,210g",Atmos-Pakiranje,Chef Select,1.99,0.95,4056489788553,Hrana,1.99
Izbor predjela SK3,0200900,0.275,"250g, 300g",Plitica,Eridanous,3.25,13,20460396,Hrana,Nije_bilo_u_prodaji_02.05.2025
Pjenušac sa zlatnim listiæima,0201075,0.75,"0,75l",Boca,-,8.99,11.99,4056489927693,Piæe,8.99
High Protein Wraps,0201720,0.32,320g,Pakovanje,Snack Day,1.59,4.97,4056489983507,Hrana,1.59
Bio zobeni napitak,0202535,1.036,1000ml,Karton,Vemondo,1.39,1.39,4056489989356,Hrana,1.39
Kotanyi Quick & Easy SK2,0203026,0.033,"25g,26g,30g,35g,40g",Vrecica,,0.69,0.69,9001414237205,Hrana,0.69
Èokoladica lješnjak,0203122,0.21,5x42g,Pakovanje,Sondey,2.99,14.24,4056489994473,Hrana,2.99
Nadopuna za tekuæi sapun SK1,0203827,1.25,"1,25l",Samost.vreca,Cien,1.69,1.35,4056489624318,Kozmetika,1.69
Namaz lješnjak nugat XXL,0204512,1,1kg,PET-Boca,Choco Nussa,4.89,4.89,4335619011793,Hrana,4.89
Beauty Shot Collagen,0204923,0.155,150ml,Limenka,Solevita,0.89,5.93,4304493269798,Hrana,0.89
Svježi sok od jabuke 100% XXL,0205129,1.568,"1,5l",PET-Boca,Solevita,2.69,1.79,4304493270084,Hrana,2.69
XXL Zaèin za salatu u limenci SK1,0205405,0.154,"140g,155g,160g,165g",Limenka,Kania,2.99,21.36,4335619015210,Hrana,2.99
XXL Zaèin za salatu u limenci SK1,0205405,0.154,"140g,155g,160g,165g",Limenka,Kania,2.99,18.12,4335619015210,Hrana,2.99
XXL Zaèin za salatu u limenci SK1,0205405,0.154,"140g,155g,160g,165g",Limenka,Kania,2.99,18.69,4335619015227,Hrana,2.99
High Protein Napitak od kave,0205572,0.25,250ml,Posudica,Milbona,1.19,4.76,4335619016194,Hrana,1.19
Mlijeèni desert SK73,0206127,0.527,900ml,Plitica,Bon Gelati,3.49,3.88,40896663,Hrana,3.49
Mlijeèni desert SK73,0206127,0.527,900ml,Plitica,Bon Gelati,3.49,3.88,40896700,Hrana,3.49
Šampon za kosu SK3,0206652,0.412,400ml,PET-Boca,Cien,1.99,4.98,4056489994275,Kozmetika,1.99
Sprizz 5% Vol.,0206961,0.246,"0,25l",Limenka,Bitterol,0.99,3.96,4304493270183,Piæe,0.99
Tekuæi sapun Pink&Care,5558462,1.025,1000ml,Pakovanje,Cien,1.15,1.15,4056489813460,Kozmetika,1.15
BO Donut s nad. od bob. voæa  2kom.,5558872,0.14,140g,Pakovanje,,1.38,9.86,5904966089121,Hrana,1.38
"Gel za tuširanje XXL za muš., SK2",5559508,1,1000ml,PET-Boca,Cien,1.59,1.59,4056489878711,Kozmetika,1.59
Omekšivaè Ruža&Jasmin 100 pranja,5559943,3,3l,PET-Boca,Doussy,3.69,1.23,4056489880264,Sredstva za èišæenje,3.69
Piæe od više vrsta voæa SK1,5561128,0.411,"0,4l",PET-Boca,Solevita,0.99,2.48,4335619008243,Piæe,0.99
Voæni mousse XXL SK6,5564232,0.2,200g,Vrecica,Freshona,0.99,4.95,4056489584391,Hrana,0.99
Sred. za pra. posuð. u gel kon. SK1,5564310,1.03,1l,PET-Boca,W5,1.79,1.79,4335619034471,Sredstva za èišæenje,1.79
"Aluminijska folija 10µ, 50m",5564616,0.38,1komad,Pakovanje,Aromata,3.25,3.25,4335619008908,Proizvodi za kuæanstvo,3.25
Èaj u vreæici SK2,5566453,0.076,"40x1,7g,40x2g",Limenka,Deluxe,2.59,32.38,20690786,Piæe,2.59
Èaj u vreæici SK2,5566453,0.076,"40x1,7g,40x2g",Limenka,Deluxe,2.59,32.38,20690793,Piæe,2.59
Deterdžent za pranje posuða SK1,5567826,1.03,1l,PET-Boca,W5,1.29,1.29,4335619094222,Sredstva za èišæenje,1.29
Deterdžent za pranje posuða SK1,5567826,1.03,1l,PET-Boca,W5,1.29,1.29,4335619094239,Sredstva za èišæenje,1.29
Tamna èokolada,5574068,0.1,100g,Pakovanje,,1.09,10.9,5905858676030,Hrana,1.19
Gewürztraminer Elsass AOP,5600008,0.75,"0,75l",Boca,,3.98,5.31,4304493258914,Piæe,3.98
Sušilo za kosu,0458191,0.594,1ST,Pakovanje,Silvercrest Personal Care,5,5,4335753099275,Kozmetika,5
Sušilo za kosu,0458191,0.594,1ST,Pakovanje,Silvercrest Personal Care,5,5,4335753099299,Kozmetika,5
Tuš za usta,0444782,0.695,1ST,Pakovanje,Nevadent,29.99,29.99,4335747008658,Kozmetika,29.99
El. odstranjivaè rožnate kože,0444856,0.218,1ST,Pakovanje,Silvercrest Personal Care,3,3,4335747045790,Kozmetika,3
Set kozmetièkih kistova u torbici,0444863,0.174,1ST,Pakovanje,Cien BEAUTY,6.99,6.99,4335747008993,Kozmetika,6.99
Umak za salatu sort. SK3,0013078,0.315,300ml,Boca,McEnnedy,1.69,5.63,20148676,Hrana,1.69
Silikonsko ulje u spreju,0013085,0.12,200ml,Limenka,W5,1.39,6.95,20010980,Sredstva za èišæenje,1.39
Motorno ulje SAE 10W-40 API SL/CF,0013091,4.385,5l,Kanistar,W5,14.99,3,20190743,Sredstva za èišæenje,14.99
Motorno ulje 15W/40API SJ/CF 4/CF,0013093,4.405,5l,Kanistar,W5,14.99,3,20090265,Sredstva za èišæenje,14.99
Sanitas Set za manikuru - pedikuru,0470032,0.342,1ST,Pakovanje,,17.99,17.99,4066299858766,Kozmetika,17.99
LED Kozmetièko ogledalo,0452798,0.6,1ST,Pakovanje,Cien BEAUTY,7,7,4335753095352,Kozmetika,7
Rašpica za nokte,0452800,0.023,1ST,Pakovanje,Cien BEAUTY,0.5,0.5,4335754041693,Kozmetika,0.5
Pribor za manikuru-pedikuru,0452802,0.035,1ST,Pakovanje,Cien BEAUTY,1,1,4335754012082,Kozmetika,1
Aparat za šišanje,0452972,0.195,1ST,Pakovanje,Silvercrest Personal Care,5,5,4335754013027,Kozmetika,5
LED Kozmetièko ogledalo,0460301,0.895,1ST,Pakovanje,Cien BEAUTY,7,7,4335815034763,Kozmetika,7
Glaèalo za kosu,0460371,0.385,1ST,Pakovanje,Silvercrest Personal Care,10,10,4052916101216,Kozmetika,10
Handcooked chips SK2,6903902,0.125,125g,Vrecica,Snack Day,1.29,10.32,20251604,Hrana,1.29
Aquafresh djeèja pasta za zube SK2,6903927,0.05,50ml,Tuba,,2.59,51.8,5054563204363,Kozmetika,2.59
Juicy Fruits Multivitamin ACE 6%,6903941,1.5,"1,5l",PET-Boca,,1.39,0.93,3858890975000,Piæe,1.39
Pipi gazirano piæe s okusom naranèe,6903945,2,2l,PET-Boca,,2.22,1.11,3870183400013,Piæe,2.22
Eva Tuna salata Mediterana,6903963,0.16,160g,Limenka,,1.99,12.44,3856020217648,Hrana,1.99
Uljni gel za tuširanje SK3,6903972,0.26,250ml,PET-Boca,Cien,1.95,7.8,4056489073741,Kozmetika,1.95
Ferrero keksi punjeni Nutellom,6904070,0.304,304g,Vrecica,,4.19,13.78,8000500310427,Hrana,4.19
"Kiseli kupus glavica, cca. 1kg",6904118,1,ca 1kg,Vakumir. pakov.,Okusi zavièaja,1.79,1.79,2143904000000,Hrana,1.79
"Kiseli kupus glavica, cca. 1kg",6904118,1,ca 1kg,Vakumir. pakov.,Okusi zavièaja,1.79,1.79,2143908000000,Hrana,1.79
"Kiseli kupus glavica, cca. 1kg",6904118,1,ca 1kg,Vakumir. pakov.,Okusi zavièaja,1.79,1.79,3857500063816,Hrana,1.79
"Kiseli kupus glavica, cca. 1kg",6904118,1,ca 1kg,Vakumir. pakov.,Okusi zavièaja,1.79,1.79,4056489316411,Hrana,1.79
Proteinski Quark SK1,0170986,0.4,4x100g,Vrecica,Milbona,1.93,4.83,4056489545378,Hrana,1.93
Žitne kuglice s èok.,0171154,0.25,250g,Vrecica,Crownfield,1.05,4.2,4056489546276,Hrana,1.05
Hummus [FK] SK3,0171646,0.22,220g,Plitica,Chef Select,1.99,9.05,4056489459545,Hrana,1.99
Poklon set lak za nokte,0171702,0.066,3komad,Pakovanje,Cien,1.99,1.99,4056489572695,Kozmetika,1.99
High Protein puding SK8,0172111,0.2,200g,Posudica,Milbona,0.99,4.95,4056489472261,Hrana,0.99
Tek. det. za pranje osj. rublja SK7,0172545,1.521,"1,5l",PET-Boca,Formil,3.75,2.5,4056489441694,Sredstva za èišæenje,3.75
Miris za auto sa nadopunom SK1,0172610,0.014,1komad,Pakovanje,W5,0.99,0.99,4056489584032,Sredstva za èišæenje,0.99
Pizza pršut,0172694,0.4,400g,Kart. na prekl.,Italiamo,3.39,8.48,4056489587323,Hrana,3.39
Orijentalni èaj SK1,0173294,0.057,"25x2g,25x2,5g",Kart. na prekl.,1001 delights,1.69,33.8,4056489596745,Piæe,1.69
Sprej za sunèanje Sensitiv LSF 50+,0173646,0.2,200ml,PET-Boca,Cien Sun,4.99,24.95,4056489602217,Kozmetika,4.99
"Ardenska kobasica, narezak",7407831,1,ca. 160g,Atmos-Posudica,,16.19,16.19,2894962000000,Hrana,16.19
"Ardenska kobasica, narezak",7407831,1,ca. 160g,Atmos-Posudica,,16.19,16.19,2894965000000,Hrana,16.19
"Ardenska kobasica, narezak",7407831,1,ca. 160g,Atmos-Posudica,,16.19,16.19,2894966000000,Hrana,16.19
Mini korneti SK2,7408579,0.214,12x28ml,Kart. na prekl.,Gelatelli,2.69,8.01,4056489741053,Hrana,2.69
Namaz od povræa SK1,7503072,0.115,115g,Plitica,Vemondo,1.09,9.48,4056489067719,Hrana,1.09
Namaz od povræa SK1,7503072,0.115,115g,Plitica,Vemondo,1.09,9.48,4056489067733,Hrana,1.09
Èaj od ðumbira SK2,7505446,0.05,"49,5g",Kart. na prekl.,Lord Nelson,1.39,1.39,4056489332589,Piæe,1.39
Premium sladoled na štapiæu SK2,7610377,0.063,100ml,Pakovanje,Gelatelli,0.99,9.9,4056489838562,Hrana,0.99
Premium sladoled na štapiæu SK2,7610377,0.063,100ml,Pakovanje,Gelatelli,0.99,9.9,4056489838579,Hrana,0.99
Knedle na bavarski naèin SK2,7700378,0.4,400g,Atmos-Pakiranje,Alpenfest,2.89,7.23,4056489207269,Hrana,2.19
Tortelloni/Njoki od krumpira SK7,7701351,0.323,"250g,500g",Pakovanje,Combino,0.95,3.8,20831004,Hrana,1.19
Tortelloni/Njoki od krumpira SK7,7701351,0.348,"250g,500g",Pakovanje,Combino,0.95,3.8,20830991,Hrana,1.19
Tortelloni/Njoki od krumpira SK7,7701351,0.348,"250g,500g",Pakovanje,Combino,0.95,3.8,20831004,Hrana,1.19
Remington Glaèalo za kosu,0471385,0.67,1ST,Pakovanje,,24.99,24.99,5038061174977,Kozmetika,24.99
Remington Glaèalo za kosu,0471456,0.31,1ST,Pakovanje,,14.99,14.99,5038061163544,Kozmetika,14.99
Extra džem SK2,6904671,0.86,860g,Staklo,-,2.99,3.48,4056489075097,Hrana,2.99
Extra džem od smokve SK1,6904678,0.24,240g,Staklo,Deluxe,1.99,8.29,4056489075127,Hrana,1.99
Sirup limun,6904698,1.12,1l,PET-Boca,Solevita,2.19,2.19,4304493259386,Piæe,2.19
Studenac 4+2gratis,6904726,9.3,"6x1,5l",PET-Boca,,3.49,0.39,3856022301826,Piæe,3.49
"Svježe pile, cca. 1,6kg",6904754,1,"cca. 1,6 kg",Atmos-Posudica,Naša mesnica,2.69,2.69,3850220116534,Hrana,3.09
"Kefir 3,5%",6908920,0.33,330g,PET-Boca,Pilos,0.79,2.39,4056489926580,Hrana,0.79
Rebel Natural Protein Whey SK1,6908928,0.7,700g,Vrecica,,21.99,31.41,0634158791093,Hrana,21.99
Nutella Croissant 4kom,6908931,0.34,340g,Pakovanje,,3.79,11.15,8000500413654,Hrana,3.79
Zorina mast pok. paket Snaga pr.,6908942,0.1,1komad,Pakovanje,,7.99,7.99,3859894008862,Kozmetika,7.99
Dekorativna/Saten mašna SK1,6908954,0.001,1komad,Pakovanje,,1.69,1.69,3856023025011,Proizvodi za kuæanstvo,1.69
"Jaja, razred M, 10kom.",6908999,0.058,10komad,Pakovanje,,2.29,0.23,3859889611114,Hrana,2.39
"Jaja, razred M, 10kom.",6908999,0.058,10komad,Pakovanje,,2.29,0.23,3859889820806,Hrana,2.39
"Jaja, razred L, 10kom.",6909000,0.068,10komad,Pakovanje,,2.59,0.26,3859889611138,Hrana,2.59
"Jaja, razred L, 10kom.",6909000,0.068,10komad,Pakovanje,,2.59,0.26,3859889820813,Hrana,2.59
"Jaja, razred L, 10kom.",6909000,0.068,10komad,Pakovanje,,2.59,0.26,4056489612506,Hrana,2.59
"Graševina, kvalitetno bijelo vino",6909013,3,3l,Box,,7.99,2.66,8594176393223,Piæe,7.99
KANDIT Choco Banana,6909053,0.28,280g,Pakovanje,,2.85,10.18,3858889865466,Hrana,2.85
Di-Go Svježi kvasac ,6909054,0.042,42g,Pakovanje,,0.75,17.86,3858887683444,Hrana,0.75
PP Orahovica Èips od šarana Classic,6909117,0.25,250g,Kart. na prekl.,,3.99,15.96,3858889834424,Hrana,3.99
PP Orahovica Nuggets od ribe kids,6909121,0.24,240g,Kart. na prekl.,,3.29,13.71,3858889834479,Hrana,3.29
Pale Ale,6909146,0.5,"0,5l",Limenka,,1.99,3.98,3858895210519,Piæe,1.99
Jaja razred M,6909151,1.8,30komad,Pakovanje,,4.59,0.15,3859889611152,Hrana,4.59
Zvijezda Majoneza,6909152,0.75,750g,Staklo,,4.65,6.2,3856015332783,Hrana,4.65
Shake Mirisni štapiæi s difuz. SK1,6909174,0.225,1komad,PET-Boca,,4.99,4.99,3858892142639,Sredstva za èišæenje,4.99
Maasdamer polutvrdi sir cca. 300g,6909194,1,ca. 300g,Pakovanje,,7.69,7.69,2153400000000,Hrana,7.69
Maasdamer polutvrdi sir cca. 300g,6909194,1,ca. 300g,Pakovanje,,7.69,7.69,2153400000007,Hrana,7.69
"Zanatsko svijetlo pivo 4,0%",6909196,2,2l,PET-Boca,,1.89,0.95,3858887582297,Piæe,1.89
BO Kruh sa chia sjemenkama,6909201,0.34,340g,Rasuto,,1.29,3.79,3859893136405,Hrana,1.29
Edamer listiæi,6909206,1,1kg,Atmos-Pakiranje,,7.99,7.99,8713734050785,Hrana,8.45
Ekos Nugat torta,6909253,0.8,800g,Pakovanje,,9.99,12.49,3858889619632,Hrana,9.99
Ekos Medenka kolaè,6909257,0.35,350g,Pakovanje,,3.99,11.4,3858889619502,Hrana,3.99
Ekos Schwarzwald kocke 2/1,6909259,0.44,440g,Pakovanje,,5.99,13.61,3858889619748,Hrana,5.99
Ekos Maðarica s pistacijom,6909261,0.51,510g,Pakovanje,,5.99,11.75,3858889619489,Hrana,5.99
Boom Box Bio napitak s rižom,6909263,1,1l,TETRA-PK,,2.79,2.79,3856027801963,Hrana,2.79
Nivea Krema,6909294,0.387,400ml,Tuba,,5.05,12.63,4005808158096,Kozmetika,Nije_bilo_u_prodaji_02.05.2025
Pekmez od ruže,7201808,0.22,220g,Staklo,1001 delights,1.59,7.23,20709976,Hrana,1.59
Èileanske suhe šljive bez koštica,5508657,0.2,200g,Vrecica,Alesto,1.49,7.45,20859954,Hrana,1.49
Èileanske suhe šljive bez koštica,5508657,0.2,200g,Vrecica,Alesto,1.49,7.45,4056489880455,Hrana,1.49
Lak za nokte SK4,5508886,0.009,8ml,Pakovanje,Cien Beauty,1.19,1.19,5901801622680,Kozmetika,1.19
Lak za nokte SK4,5508886,0.009,8ml,Pakovanje,Cien Beauty,1.19,1.19,5901801622734,Kozmetika,1.19
Lak za nokte SK4,5508886,0.009,8ml,Pakovanje,Cien Beauty,1.19,1.19,5901801622758,Kozmetika,1.19
Lak za nokte SK4,5508886,0.009,8ml,Pakovanje,Cien Beauty,1.19,1.19,5901801633952,Kozmetika,1.19
Lak za nokte SK4,5508886,0.009,8ml,Pakovanje,Cien Beauty,1.19,1.19,5901801634089,Kozmetika,1.19
Lak za nokte SK4,5508886,0.009,8ml,Pakovanje,Cien Beauty,1.19,1.19,5901801661788,Kozmetika,1.19
Lak za nokte SK4,5508886,0.009,8ml,Pakovanje,Cien Beauty,1.19,1.19,5901801661801,Kozmetika,1.19
Lak za nokte SK4,5508886,0.009,8ml,Pakovanje,Cien Beauty,1.19,1.19,5901801661832,Kozmetika,1.19
Lak za nokte SK4,5508886,0.009,8ml,Pakovanje,Cien Beauty,1.19,1.19,5901801663713,Kozmetika,1.19
Sv. punj. jastuèiæi kupus i gljive,5508982,0.4,400g,Atmos-Posudica,Kuljanka,1.79,4.48,20149062,Hrana,1.79
Dimljeni fileti pileæih prsa,5509011,0.1,100g,Atmos-Pakiranje,Pikok Pure,1.49,14.9,20902438,Hrana,1.49
Vafli od riže SK10,5510198,0.1,100g,Vrecica,-,0.89,8.9,20858667,Hrana,0.79
Punjena mlijeèna èok. RFA SK2,5510305,0.1,100g,Tabla,Fin Carré,1.09,10.9,20902452,Hrana,1.19
Lak za nokte Neon Splash SK4,5511556,0.008,8ml,Pakovanje,Cien Beauty,1.19,148.75,5901801662327,Kozmetika,1.19
Sok od naranèe,5512330,1.04,1l,PET-Boca,Solevita,1.89,1.89,20933449,Piæe,2.49
Adventski kalendar,5512509,0.075,75g,Kutija,,1.09,14.53,5903228100468,Hrana,1.09
Vitalmaxx Set za manikuru-pedikuru,0470313,0.1,1ST,Pakovanje,,11.99,11.99,4049618026770,Kozmetika,11.99
Aranžmani Tamara,6908582,1.5,1komad,Pakovanje,,14.99,14.99,3858892743867,Proizvodi za kuæanstvo,14.99
Aranžmani SK3,6908586,1.25,1komad,Pakovanje,,24.99,24.99,3858889014970,Proizvodi za kuæanstvo,24.99
Aranžmani Lena,6908587,1.2,1komad,Pakovanje,,29.99,29.99,3858889010316,Proizvodi za kuæanstvo,29.99
Boom Box Zobeni granola zalogaj,6908618,0.02,20g,Pakovanje,,0.59,29.5,3856027801215,Hrana,0.59
Boom Box Krekeri mix morska sol,6908625,0.07,70g,Pakovanje,,0.89,12.71,3856027801390,Hrana,0.89
Corega krema za priè. zubne proteze,6908629,0.04,40g,Tuba,,6.19,6.19,5999518572060,Kozmetika,6.19
PERFA Jaja podni uzgoj razred M,6908671,0.87,15komad,Pakovanje,,2.25,0.15,3859889056908,Hrana,2.25
Ribella Hummus Natural,6908735,0.2,200g,Posudica,,1.99,9.95,8606011898852,Hrana,1.99
Colgate Advanced White Pasta za z.,6908788,0.2,150ml,Pakovanje,,3.99,26.6,8718951630031,Kozmetika,3.99
Palmolive Gel za tuš. s pump. SK3,6908816,0.77,750ml,PET-Boca,,4.49,5.99,8693495048712,Kozmetika,4.49
Cekin Pileæa hrenovka Classic,6908823,0.1,100g,Atmos-Pakiranje,,0.79,7.9,3850159120015,Hrana,0.85
Proteini.si 100% Natural Whey Vani.,6908828,0.4,400g,Vrecica,,12.39,30.98,3830081425372,Hrana,12.39
Borotalco Dezodorans u spreju Inv.,6908832,0.09,150ml,Pakovanje,,2.09,13.93,8002410042214,Kozmetika,2.09
Buèino ulje,6908838,0.75,"0,75l",Staklo,Okusi zavièaja,9.99,13.32,4056489926498,Hrana,9.99
Finish tablete Quantum All in 1,6908852,1.4,120komad,Pakovanje,,18.79,0.16,5999109583352,Sredstva za èišæenje,18.79
Vanish gel za odstr. mrlja pink,6908855,3.12,3l,PET-Boca,,8.49,2.83,5997321748221,Sredstva za èišæenje,8.49
Tic Tac 100 komada SK1,6908888,0.054,54g,Pakovanje,,1.99,36.85,8000500428702,Hrana,1.99
Rama Margarin SK1,6908911,0.4,400g,Posudica,,1.99,4.98,8719200265097,Hrana,1.99
Punjene praline s kremom od karam.,0217428,0.2,200g,Vrecica,Favorina,3.08,15.4,4335619111974,Hrana,3.08
Juha s rezancima SK1,0218132,0.205,"250g,182g",Posudica,Vitasia,1.59,6.36,4335619113817,Hrana,1.36
Juha s rezancima SK1,0218132,0.205,"250g,182g",Posudica,Vitasia,1.59,8.74,4335619113824,Hrana,1.36
High protein humus SK1,0218180,0.2,200g,Plitica,Chef Select,1.09,5.45,4335619114036,Hrana,1.09
Cikla u kriškama (OM 430g),0218276,0.67,720ml,Staklo,Freshona,1.45,3.37,4335619114210,Hrana,1.45
Teriyaki pileæi štapiæ,0218332,0.3,300g,Kart. na prekl.,Vitasia,3.29,10.97,4335619114395,Hrana,2.86
Jogurt - Müsli SK1,0218679,0.25,250g,Posudica,Chef Select,2.49,9.96,4335619126466,Hrana,2.49
Veganska proteinska kaša SK1,0219168,0.06,60g,Vrecica,Crownfield,1.19,19.83,4335619127654,Hrana,1.19
High protein puding SK2,0219170,0.059,59g,Vrecica,Belbake,1.29,21.86,4056489751427,Hrana,1.29
Tekuæi sapun SK1,0219242,0.78,750ml,Vrecica,Cien,1.59,2.12,4335619127401,Kozmetika,1.59
Gumeni bomboni SK1,0219719,0.12,120g,Limenka,Optisana,3.59,29.92,4335619130401,Hrana,3.59
Sirevi - specij. zemalja CH/FR SK2,0220701,1,"ca. 180g,ca. 220g,ca. 250g",Pakovanje,Meine Käserei,29.99,29.99,2845840000000,Hrana,29.99
Španjolski zaèini SK1,0220802,0.062,"55g,75g",Limenka,Sol&Mar,2.19,29.2,4335619136953,Hrana,2.19
Lak za nokte Peony Pink,0221308,0.011,11ml,Boca,Cien Beauty,1.09,1.09,4335619149182,Kozmetika,1.09
Sushi majoneza,0221358,0.48,480ml,PET-Boca,Vitasia,2.99,6.23,4335619149366,Hrana,2.99
Liker Arancello 25% Vol.,0221983,0.5,"0,5l",Boca,,5.99,11.98,4304493270558,Piæe,9.99
Kotanyi slatki zaèini SK72,0222573,0.065,"63g,65g,70g",Staklo,,2.49,38.31,9001414020456,Hrana,2.49
Kotanyi slatki zaèini SK72,0222573,0.065,"63g,65g,70g",Staklo,,2.49,39.52,9001414303412,Hrana,2.49
Kotanyi slatki zaèini SK72,0222573,0.065,"63g,65g,70g",Staklo,,2.49,39.52,9001414303436,Hrana,2.49
Premium sladoled SK122,0224338,0.517,1000ml,Plitica,Bon Gelati,3.99,3.99,4335619173279,Hrana,3.99
Protein SK1,0226357,0.42,420g,Limenka,,11.99,28.55,4335619166080,Hrana,11.99
Jastuèiæi punj. noug. / vanil. SK86,0227382,0.5,500g,Vrecica,Crownfield,2.25,4.5,4335619031616,Hrana,2.49
Vodeni sladoled Cola-limun,0228184,0.44,8x55g,Kart. na prekl.,Gelatelli,2.89,6.57,4335619216716,Hrana,2.89
Sushi Family Tray,0228605,0.463,"462,5g",Pakovanje,select & go,7.99,17.28,4335619221598,Hrana,7.99
GGN/MSC Sushi SK20,0228627,0.178,"168g,178,5g,185g",Pakovanje,select & go,3.79,22.56,4056489250173,Hrana,3.79
GGN/MSC Sushi SK20,0228627,0.178,"168g,178,5g,185g",Pakovanje,select & go,3.79,20.49,4335619221628,Hrana,3.79
Antipasti namaz SK8,0229358,0.15,150g,Plitica,Deluxe,2.46,16.4,4056489850816,Hrana,2.46
Gamberina Duo krema,0229988,0.35,350g,Staklo,,5.39,15.4,4260463470116,Hrana,5.39
Kozmetièki kovèeg,0466978,1.034,1ST,Pakovanje,,7,7,4052916306109,Kozmetika,14.99
Kozmetièko ogledalo s rasvjetom,0472245,1.064,1ST,Pakovanje,Cien BEAUTY,15.99,15.99,4052916435076,Kozmetika,15.99
Spužvica za šminku,0472269,0.008,1ST,Pakovanje,Cien BEAUTY,0.99,0.99,4052916439623,Kozmetika,0.99
Èetka za kosu,0472287,0.08,1ST,Pakovanje,Cien BEAUTY,2.49,2.49,4052916444252,Kozmetika,2.49
Set kozmetièkih kistova,0466868,0.141,1ST,Pakovanje,Cien BEAUTY,3,3,4052916221624,Kozmetika,3
Epilator,0476997,0.227,1ST,Pakovanje,Silvercrest Personal Care,17.99,17.99,4052916444542,Kozmetika,17.99
Pasta od maslina SK3,6200222,0.18,212ml,Staklo,Eridanous,1.09,5.14,4056489126294,Hrana,1.09
Hrskavi štapiæi SK2,6200286,0.175,175g,Vrecica,Eridanous,1.19,6.8,20616755,Hrana,1.19
Hrskavi štapiæi SK2,6200286,0.175,175g,Vrecica,Eridanous,1.19,6.8,4056489381556,Hrana,1.19
Halva s pistacijom,6200382,0.25,250g,Kart. na prekl.,Eridanous,2.16,8.64,4056489906063,Hrana,Nije_bilo_u_prodaji_02.05.2025
Grèki feta sir,6200776,0.2,200g,Vakumir. pakov.,Milbona,3.29,16.45,4056489772637,Hrana,3.29
Pita od sira i špinata,6204855,1,1000g,Pakovanje,Chef Select,5.29,5.29,20994310,Hrana,5.29
Kefir SK2,6205495,0.5,500ml,PET-Boca,Eridanous,1.29,2.58,4056489264989,Hrana,1.29
"BO Zlatna kiflica, 30g",0004854,0.03,30g,Rasuto,,0.29,0.29,4334035669212,Hrana,0.29
Gold Instant kava,0004864,0.2,200g,Staklo,Bellarom,5.31,26.55,20497934,Piæe,5.31
Gold Instant kava,0004864,0.2,200g,Staklo,Bellarom,5.31,26.55,4056489224471,Piæe,5.31
Domaæi maslac,0004882,0.25,250g,Pakovanje,Okusi zavièaja,2.99,11.96,20539344,Hrana,2.99
Knorr Umaci SK1,0004901,0.336,750ml,Kart. na prekl.,,1.49,0.75,4000400117717,Hrana,1.49
Knorr Umaci SK1,0004901,0.336,750ml,Kart. na prekl.,,1.49,0.5,4038700117045,Hrana,1.49
Knorr Umaci SK1,0004901,0.336,750ml,Kart. na prekl.,,1.49,0.75,8714100790281,Hrana,1.49
Losion za sunèanje sensitive ZF50,0025002,0.15,150ml,Tuba,Cien Sun,4.99,33.27,4335619130463,Kozmetika,4.99
Uskrsna vreæica,0025204,0.25,250g,Vrecica,Favorina,2.69,10.76,20076849,Hrana,2.69
Uskršnji èokoladni zec,0025272,0.15,150g,Pakovanje,Favorina,1.59,10.6,20086244,Hrana,1.59
Kremasti sapun SK4,0025359,0.15,150g,Pakovanje,Cien,0.79,5.27,4056489547181,Kozmetika,0.79
Kremasti sapun SK4,0025359,0.15,150g,Pakovanje,Cien,0.79,5.27,4056489997641,Kozmetika,0.79
Mozzarela Classic,0025383,0.25,250g,Pakovanje,Milbona,1.55,6.2,20047221,Hrana,1.79
Vrhnje za kavu 10%,0025425,0.2,20x10g,Pakovanje,Pilos,0.99,4.95,20039929,Hrana,0.95
Premium punjena tjestenina SK10,1001938,0.25,250g,Vrecica,Deluxe,1.83,7.32,4335619069169,Hrana,1.83
Premium punjena tjestenina SK10,1001938,0.25,250g,Vrecica,Deluxe,1.83,7.32,4335619112667,Hrana,1.83
Krema za njegu lica SK8,0051058,0.052,50ml,Tuba,Cien,1.75,35,4056489236085,Kozmetika,1.75
Fileti dimljenog lososa SK5,0051078,0.125,125g,Pakovanje,Nautica,3.99,31.92,20092962,Hrana,3.99
BO Pivsko pecivo,0051100,0.09,85g,Rasuto,,0.29,3.41,20294908,Hrana,0.35
BO Pivsko pecivo,0051100,0.09,85g,Rasuto,,0.29,3.41,20708047,Hrana,0.35
Krekeri s okusom pizze SK1,6004708,0.1,100g,Kart. na prekl.,Italiamo,1.99,19.9,,Hrana,1.99
"Feferoni blagi/ljuti, OM 340g, SK1",0005988,0.333,720ml,Staklo,Freshona,2.69,8.41,,Hrana,2.69
Lopatica s kožom u mreži,7307476,1,ca. 600g,Vakumir. pakov.,,5.79,5.79,,Hrana,5.79
Podravka Kocke za juhu SK1,6903202,0.12,120g,Pakovanje,,2.19,18.25,,Hrana,2.19
Salata endivija,0082041,0.494,1komad,Rasuto,,1.29,1.29,,Hrana,1.29
Mješavina za tart SK3,0226509,0.524,"490g,535g",Kart. na prekl.,Duc de Coeur,2.29,4.67,,Hrana,2.29
Lubenica,0080570,1,1kg,Rasuto,,1.29,1.29,,Hrana,1.29
Remington Sušilo za kosu,0462375,0.43,1ST,Pakovanje,,7,7,,Kozmetika,7
Mini donuti,7407869,0.276,276g,Kart. na prekl.,MCENNEDY,2.99,10.83,,Hrana,2.99
Pastrnjak,0082796,1,1kg,Rasuto,,1.99,1.99,,Hrana,1.99
Butternut tikva,0082835,1,1kg,Rasuto,,1.29,1.29,,Hrana,1.29
Patlidžan,0082180,1,1kg,Rasuto,,1.99,1.99,,Hrana,1.99
Salata kristal,0082055,0.272,1komad,Rasuto,,0.79,0.79,,Hrana,0.79
Krumpir batat rinfuza,0080755,1,1kg,Rasuto,,2.49,2.49,,Hrana,1.99
Dolcela Praš. za pec./Van. šeæ. SK3,6907960,0.054,"6x12g,6x8g",Vrecica,,0.99,13.75,,Hrana,0.99
Mineralna voda gazirana,0000007,1.5,"1,5l",PET-Boca,Saguaro,0.4,0.27,4304493258709,Piæe,0.45
Gillette Mach 3 Start Drška+3brit.,0000016,0.046,1komad,Pakovanje,,11.09,11.09,7702018464005,Kozmetika,11.09
Always Ultra higijenski ulošci BA,0000017,0.058,"9 komada, 10 komada, 14 komada",Pakovanje,,1.66,0.18,8001841263908,Proizvodi za kuæanstvo,1.66
Always Ultra higijenski ulošci BA,0000017,0.058,"9 komada, 10 komada, 14 komada",Pakovanje,,1.66,0.17,8001841263908,Proizvodi za kuæanstvo,1.66
Always Ultra higijenski ulošci BA,0000017,0.058,"9 komada, 10 komada, 14 komada",Pakovanje,,1.66,0.18,8001841263953,Proizvodi za kuæanstvo,1.66
"Gazirano piæe cola, 0% šeæera",0000047,2.076,2l,PET-Boca,Freeway,0.92,0.46,4304493264342,Piæe,0.92
Milka Alpsko mlijeko,0000057,0.08,80g,Pakovanje,,0.99,12.38,7622300424695,Hrana,0.99
Lenor Omekšivaè 60 pranja Spring A.,0000085,1.8,"1,8l",PET-Boca,,5.57,0.09,8001841375489,Sredstva za èišæenje,5.57
Lenor Omekšivaè F. Wind 60 pranja,0000086,0.84,840ml,PET-Boca,,6.85,0.11,8006540241233,Sredstva za èišæenje,6.85
Ariel Pods Color 35 Kom.,0000088,0.87,35komad,Pakovanje,,19.99,0.57,8001090727015,Sredstva za èišæenje,19.99
Purina One hrana za pse govedina,0000150,0.4,4x100g,Pakovanje,Nestlé,1.89,4.73,7613036919203,Proizvodi za kuæanstvo,1.89
Purina One hrana za pse puretina,0000152,0.4,4x100g,Pakovanje,Nestlé,1.89,4.73,7613036919166,Proizvodi za kuæanstvo,1.89
Jar deter. za pranje pos. pomegran.,0000188,1.376,"1,35l",PET-Boca,,3.49,2.59,8001090621801,Sredstva za èišæenje,3.49
Jar deter. za pr. pos. Teatree&Mint,0000191,1.376,"1,35l",PET-Boca,,3.49,2.59,8001090621887,Sredstva za èišæenje,3.49
Jar deter. za pranje posuða jabuka,0000193,1.376,"1,35l",PET-Boca,,3.49,2.59,8001090621764,Sredstva za èišæenje,3.49
Milka Uskršnji mix ,0000338,0.126,126g,Pakovanje,,2.64,20.95,7622210739797,Hrana,2.64
Oreo Original ,0000339,0.176,176g,Pakovanje,,2.19,12.44,7622210765338,Hrana,2.19
Head & Shoulders šampon SK,0000344,0.516,500ml,PET-Boca,,6.59,13.18,8700216158114,Kozmetika,6.59
Pedigree Pseæe poslastice sort SK2,0000347,0.133,"123g,200g,77g",Vrecica,Mars,1.79,8.95,5998749141007,Proizvodi za kuæanstvo,1.79
Pedigree Pseæe poslastice sort SK2,0000347,0.133,"123g,200g,77g",Vrecica,Mars,1.79,8.95,9003579302545,Proizvodi za kuæanstvo,1.79
Gillette Mach3 sport brijaè+patrone,0000373,0.039,1komad,Pakovanje,,10.99,10.99,8700216075183,Kozmetika,10.99
Kit Kat lješnjak,0000406,0.042,"41,5g",Pakovanje,,0.99,0.99,8445291308725,Hrana,Nije_bilo_u_prodaji_02.05.2025
Monster Energy Drink Ultra Paradise,0000420,0.5,"0,5l",Limenka,Coca-Cola,1.45,2.9,5060896621609,Piæe,1.45
Old Spice Gel za tuširanje Whitewa.,0000436,0.711,675ml,PET-Boca,,4.39,6.5,8006540280195,Kozmetika,4.39
Old Spice Gel za tuširanje Wolftho.,0000437,0.711,675ml,PET-Boca,,4.39,6.5,8006540280249,Kozmetika,4.39
Old Spice Deostick Wolfthorn,0000438,0.099,85ml,PET-Boca,,4.39,51.65,8006540319697,Kozmetika,4.39
"Somat Tabs Gold Gigapack, 70kom.",0000466,1.232,70kom,Vrecica,,13.99,0.2,9000101808834,Sredstva za èišæenje,13.99
Sladoled u kornetu,0001121,0.528,8x120ml,Kart. na prekl.,Ballino,3.39,3.53,20046408,Hrana,3.39
"Pommes Frites, 1kg",0001171,1,1kg,Vrecica,Harvest Basket,2.25,2.25,20093105,Hrana,2.49
Nescafé Classic,0001252,0.2,200g,Limenka,Nestlé,9.99,49.95,7891000088982,Piæe,8.99
Nescafé Classic,0001252,0.2,200g,Limenka,Nestlé,9.99,49.95,7891000094457,Piæe,8.99
Nescafé Classic,0001252,0.2,200g,Limenka,Nestlé,9.99,49.95,7891000255025,Piæe,8.99
"Grašak, smrznuto",0001255,1,1kg,Vrecica,Freshona,1.49,1.49,20156787,Hrana,2.19
"Grašak, smrznuto",0001255,1,1kg,Vrecica,Freshona,1.49,1.49,20156794,Hrana,2.19
Mesni uštipci sa sirom,0001284,0.4,400g,Atmos-Pakiranje,Naša mesnica,3.79,9.48,20660963,Hrana,3.79
Minas mljevena kava XXL,0001293,0.6,600g,Vrecica,Bellarom,5.99,9.98,4056489317777,Piæe,5.99
"XXL Tekuæi jogurt 2,8% m.m.",0001294,1.5,"1,5kg",PET-Boca,Pilos,1.69,1.13,4056489316824,Hrana,1.69
"XXL Tekuæi jogurt 2,8% m.m.",0001294,1.5,"1,5kg",PET-Boca,Pilos,1.69,1.13,4056489316831,Hrana,1.69
"XXL Tekuæi jogurt 2,8% m.m.",0001294,1.5,"1,5kg",PET-Boca,Pilos,1.69,1.13,4304493260115,Hrana,1.69
Sanitar Sredstvo za èišæenje SK1,0001311,0.75,750ml,Boca,,2.09,2.79,3850111502620,Sredstva za èišæenje,2.09
Tirolska kobasica,0001393,0.4,400g,Stanga,Pikok,1.55,3.88,20251727,Hrana,2.39
Sezam ploèice SK7,0001419,0.081,3x27g,Pakovanje,Crownfield,0.44,5.43,4056489445357,Hrana,0.49
"Tekuæi jogurt 2,8% m.m.",0001561,1,1kg,PET-Boca,Pilos,1.89,1.89,20539900,Hrana,1.89
"Tekuæi jogurt 2,8% m.m.",0001561,1,1kg,PET-Boca,Pilos,1.89,1.89,4056489316466,Hrana,1.89
"Jogurt èvrsti 3,2% m.m.",0001566,0.18,180g,Posudica,Pilos,0.37,2.06,20156114,Hrana,0.37
"Sirela Ribanac, 40g",0001610,0.04,40g,Vrecica,,1.49,1.49,3850355007608,Hrana,1.49
"Sirela Ribanac, 40g",0001610,0.04,40g,Vrecica,,1.49,1.49,3858883521177,Hrana,1.49
"Dukat tekuæi jogurt 2,8%, 1kg",0001669,1,1kg,PET-Boca,,2.32,2.32,3850354005582,Hrana,2.32
"Dukat tekuæi jogurt 2,8%, 1kg",0001669,1,1kg,PET-Boca,,2.32,2.32,3850354016021,Hrana,2.32
Bref WC Duo Aktiv Pine,0001690,0.052,50ml,Blister,Henkel,2.65,53,9000100968690,Sredstva za èišæenje,2.65
"Janjetina, bez glave, cca. 2kg",0001763,1,cca. 2kg,Atmos-Pakiranje,Naša mesnica,14.99,14.99,2817630000000,Hrana,14.99
Sirni namaz SK15,0001780,0.2,200g,Posudica,Milbona,1.49,7.45,20002619,Hrana,1.49
"Voæni jogurt 3,8% SK1, 500g",0001794,0.5,500g,Posudica,Milbona,1.39,2.78,20039394,Hrana,1.39
"Voæni jogurt 3,8% SK1, 500g",0001794,0.5,500g,Posudica,Milbona,1.39,2.78,20039400,Hrana,1.39
"Voæni jogurt 1,8%, SK45, SK46",0001798,0.25,250g,Posudica,Milbona,0.79,3.16,20039349,Hrana,0.79
"Voæni jogurt 1,8%, SK45, SK46",0001798,0.25,250g,Posudica,Milbona,0.79,3.16,4056489232643,Hrana,0.79
Namaz od vrhnja SK21,0001889,0.2,200g,Plitica,Milbona,1.59,7.95,20109912,Hrana,1.55
Svježa pileæa krila,0001915,1,ca. 500g,Atmos-Pakiranje,Naša mesnica,2.99,2.99,2852008000000,Hrana,4.19
Svježa pileæa krila,0001915,1,ca. 500g,Atmos-Pakiranje,Naša mesnica,2.99,2.99,2891989000000,Hrana,4.19
"Svježi zrnati sir, SK1",0001932,0.2,200g,Posudica,Milbona,1.29,6.45,20131968,Hrana,1.29
Mesni sir peèen u peænici,0001991,0.4,400g,Atmos-Pakiranje,Dulano,3.99,9.98,20987473,Hrana,3.99
"Rolana lopatica bez kože cca. 1,3kg",0001994,1,"ca. 1,3kg",Vakumir. pakov.,Pikok,5.75,5.75,2819947000000,Hrana,5.75
"Rolana lopatica bez kože cca. 1,3kg",0001994,1,"ca. 1,3kg",Vakumir. pakov.,Pikok,5.75,5.75,2847717000000,Hrana,5.75
"Rolana lopatica bez kože cca. 1,3kg",0001994,1,"ca. 1,3kg",Vakumir. pakov.,Pikok,5.75,5.75,2847718000000,Hrana,5.75
"Dukat Vrhnje za kuh. 20%, 500g",0002023,0.5,500g,Pakovanje,,3.39,6.78,3850354001263,Hrana,3.39
Mljeveni crni papar,0002095,0.1,100g,Vrecica,Kania,1.49,14.9,4056489207641,Hrana,1.79
Fritt Voæne karamele SK18 ,0002167,0.07,70g,Pakovanje,,0.99,14.14,4000607562105,Hrana,0.99
Fritt Voæne karamele SK18 ,0002167,0.07,70g,Pakovanje,,0.99,14.14,5901783033375,Hrana,0.99
Fritt Voæne karamele SK18 ,0002167,0.07,70g,Pakovanje,,0.99,14.14,5901783034211,Hrana,0.99
Nescafé Cappuccino sort.,0002183,0.135,"112g,148g",Kart. na prekl.,Nestlé,4.19,28.31,7613034172181,Piæe,4.19
Nescafé Cappuccino sort.,0002183,0.135,"112g,148g",Kart. na prekl.,Nestlé,4.19,37.41,7613034532275,Piæe,4.19
Nescafé Cappuccino sort.,0002183,0.135,"112g,148g",Kart. na prekl.,Nestlé,4.19,28.31,7613034532275,Piæe,4.19
Nescafé Cappuccino sort.,0002183,0.135,"112g,148g",Kart. na prekl.,Nestlé,4.19,29.1,7613035919433,Piæe,4.19
Nescafé Cappuccino sort.,0002183,0.135,"112g,148g",Kart. na prekl.,Nestlé,4.19,28.31,7613035919433,Piæe,4.19
Pag91 Kuhinjska morska sol sitna,0002214,1,1kg,Vrecica,,0.49,0.49,20156565,Hrana,0.49
Kiara Kristal šeæer 1kg ,0002220,1,1kg,Vrecica,,0.99,0.99,20538750,Hrana,0.99
Kiara Kristal šeæer 1kg ,0002220,1,1kg,Vrecica,,0.99,0.99,3859888567030,Hrana,0.99
"Brašno TIP 400 oštro, 1kg",0002224,1,1kg,Pakovanje,Belbake,0.75,0.75,4056489612360,Hrana,0.75
"Brašno TIP 550 glatko, 1kg",0002225,1,1kg,Pakovanje,Belbake,0.68,0.68,20156602,Hrana,0.75
"Brašno TIP 550 glatko, 1kg",0002225,1,1kg,Pakovanje,Belbake,0.68,0.68,4056489612346,Hrana,0.75
"Badem jezgra u rinfuzi, cca. 1kg",0002321,1,ca. 1kg,Rasuto,,6.79,6.79,3858883581171,Hrana,6.79
"Badem jezgra u rinfuzi, cca. 1kg",0002321,1,ca. 1kg,Rasuto,,6.79,6.79,3859891324095,Hrana,6.79
"Badem jezgra u rinfuzi, cca. 1kg",0002321,1,ca. 1kg,Rasuto,,6.79,6.79,3859891427345,Hrana,6.79
"Orah jezgra u rinfuzi, cca. 1kg",0002322,1,cca. 1kg,Rasuto,,5.49,5.49,3859890587613,Hrana,5.49
"Nutella, 400g ",0002346,0.4,400g,Staklo,,4.39,10.98,80135876,Hrana,4.39
Tal. rajèica oguljena i nasjeckana,0002488,0.4,425ml,Limenka,Baresa,0.89,2.23,20004132,Hrana,0.89
Sterilizirani grah borlotti,0002496,0.4,425ml,Limenka,Freshona,0.59,2.46,20166052,Hrana,0.59
"Thomy Senf delikatesni, 200g",0002611,0.2,200g,Tuba,,2.29,11.45,7610100031403,Hrana,2.29
Minis Candy,0002785,0.35,350g,Vrecica,Mister Choc,3.59,10.26,20046316,Hrana,3.59
Milka Èokolada sort.,0002911,0.281,"270g, 276g, 300g",Pakovanje,,5.99,21.7,7622200004515,Hrana,5.99
Milka Èokolada sort.,0002911,0.281,"270g, 276g, 300g",Pakovanje,,5.99,21.7,7622200004607,Hrana,5.99
Milka Èokolada sort.,0002911,0.281,"270g, 276g, 300g",Pakovanje,,5.99,21.7,7622201022679,Hrana,5.99
Milka Èokolada sort.,0002911,0.281,"270g, 276g, 300g",Pakovanje,,5.99,19.97,7622210012500,Hrana,5.99
Milka Èokolada sort.,0002911,0.281,"270g, 276g, 300g",Pakovanje,,5.99,21.7,7622210273369,Hrana,5.99
Milka Èokolada sort.,0002911,0.281,"270g, 276g, 300g",Pakovanje,,5.99,22.19,7622210612267,Hrana,5.99
Milka Èokolada sort.,0002911,0.281,"270g, 276g, 300g",Pakovanje,,5.99,21.7,7622400904608,Hrana,5.99
Milka Èokolada sort.,0002911,0.281,"270g, 276g, 300g",Pakovanje,,5.99,22.19,9012200001245,Hrana,5.99
"Biskvit SK2, SK13 400g",0002940,0.4,400g,Pakovanje,Confiserie Firenze,2.49,6.23,20006334,Hrana,2.69
"Jumbo biskvit, SK5, SK8",0002942,0.6,600g,Pakovanje,Confiserie Firenze,2.99,4.98,20010034,Hrana,2.99
Vafel s 32% svj. jaja,0002969,0.25,250g,Pakovanje,Confiserie Firenze,1.99,7.96,20025847,Hrana,1.99
Kompletna hrana za maèke SK19,0003002,0.1,100g,Plitica,Coshida,0.45,4.5,20407513,Proizvodi za kuæanstvo,0.45
"Whiskas Izab. obroci, 4x100g SK1",0003004,0.4,4x100g,Pakovanje,Mars,2.37,5.93,3858890475623,Proizvodi za kuæanstvo,2.37
Šampon za svakodne. pranje kose SK6,0003034,0.515,500ml,PET-Boca,Cien,0.95,1.9,20153779,Kozmetika,1.39
Pro Vitamin šam. za njegu kose SK13,0003035,0.31,300ml,PET-Boca,Cien,1.29,4.3,20250898,Kozmetika,1.29
Pjena za kosu SK8,0003050,0.22,250ml,Limenka,Cien,1.33,5.32,20302061,Kozmetika,1.59
Lak za kosu SK13,0003054,0.31,400ml,Limenka,Cien,1.98,4.95,20220426,Kozmetika,2.39
Losion/Mlijeko za tijelo SK2,0003091,0.489,500ml,PET-Boca,Cien,1.99,3.98,4056489234708,Kozmetika,1.99
Losion poslije brijanja SK15,0003114,0.094,100ml,Kart. na prekl.,Cien MEN,2.39,23.9,4056489238485,Kozmetika,2.39
Losion poslije brijanja SK15,0003114,0.094,100ml,Kart. na prekl.,Cien MEN,2.39,23.9,4056489582434,Kozmetika,2.39
Èetkice za zube classic SK6,0003116,0.034,2komad,Pakovanje,Dentalux,0.77,0.39,20231675,Kozmetika,0.85
Èetkice za zube SK3,0003117,0.037,2komad,Pakovanje,Dentalux,0.89,0.45,20055912,Kozmetika,0.89
Pasta za zube SK6,0003120,0.152,125ml,Tuba,Dentalux,1.05,8.4,4056489826118,Kozmetika,1.05
Masline punjene s paprikom,0003122,0.81,720ml,Staklo,Baresa,3.19,7.6,20064525,Hrana,3.19
"Signal zubna pasta sort., 75ml",0003124,0.075,75ml,Tuba,,2.69,35.87,5900300056002,Kozmetika,2.19
Domestos sort.,0003183,0.75,750ml,Boca,,2.49,3.32,8718114630205,Sredstva za èišæenje,2.49
Tekuæe sred. za osvjež. WC-a SK23,0003185,0.165,3x55ml,Pakovanje,W5,1.45,8.79,20084080,Sredstva za èišæenje,1.45
Sredstvo za èišæenje masnoæa SK12,0003191,0.753,750ml,PET-Boca,W5,1.99,2.65,4056489350552,Sredstva za èišæenje,1.99
Higijenski ulošci SK6,0003262,0.145,"14komad,20komad",Pakovanje,Siempre,1.29,0.09,20069650,Proizvodi za kuæanstvo,1.29
Kondomi od prirodnog lateksa SK1,0003281,0.013,12komad,Pakovanje,Mondos,1.89,0.16,20088439,Proizvodi za kuæanstvo,1.89
Kondomi od prirodnog lateksa SK1,0003281,0.013,12komad,Pakovanje,Mondos,1.89,0.16,20088446,Proizvodi za kuæanstvo,1.89
Kondomi od prirodnog lateksa SK1,0003281,0.013,12komad,Pakovanje,Mondos,1.89,0.16,20193737,Proizvodi za kuæanstvo,1.89
Nola elektronski upaljaè,0003316,0.049,3komad,Blister,,1.09,0.36,20002848,Proizvodi za kuæanstvo,1.09
"Lino Èokolino, 1kg",0003402,1,1kg,Vrecica,,8.99,8.99,3850104017537,Hrana,8.99
"Lino Keksolino, 500g",0003407,0.5,500g,Vrecica,,4.99,9.98,3850104218804,Hrana,4.99
"Svijetlo pivo 4,0%",0003483,2.01,2l,PET-Boca,Argus,1.85,0.93,4304493259829,Piæe,1.85
Grah trešnjevac 12/1,0003600,1,ca. 1kg,Rasuto,,1.99,1.99,3859893512995,Hrana,1.99
Palette Int. Color Creme boja SK4,0003664,0.11,1komad,Kart. na prekl.,Henkel,4.25,4.25,3838824307480,Kozmetika,5.25
"Axe Bodyspray sort., 150ml ",0003696,0.097,150ml,Limenka,,4.55,30.33,8717644013045,Kozmetika,4.55
"Èokoladne banane, 300g",0003750,0.3,300g,Kart. na prekl.,Mister Choc,2.59,8.63,20029845,Hrana,2.59
Dj. èetkica za zube,0003757,0.039,2komad,Pakovanje,Dentalux,0.89,0.45,20104269,Kozmetika,0.89
Slani štapiæi,0003790,0.25,250g,Vrecica,Snack Day,0.62,2.48,4056489135951,Hrana,0.79
Èokoladni vafli SK10,0003869,0.125,125g,Kart. na prekl.,Sondey,1.69,13.52,20005535,Hrana,1.69
Pesto SK17,0003914,0.19,190g,Staklo,Baresa,1.85,9.74,20069490,Hrana,1.85
Pesto SK17,0003914,0.19,190g,Staklo,Baresa,1.85,9.74,20114138,Hrana,1.85
Tvrdi bomboni u limenci SK7,0003929,0.2,200g,Limenka,Sweet Corner,1.59,7.95,20384197,Hrana,1.59
Pro Vitamin balzam za kosu SK9,0003947,0.299,300ml,PET-Boca,Cien,1.49,4.97,20189082,Kozmetika,1.49
Pro-Vitamin Šampon 2u1 SK3,0003948,0.311,300ml,PET-Boca,Cien,1.49,4.97,20189044,Kozmetika,1.49
Pro-Vitamin Šampon 2u1 SK3,0003948,0.311,300ml,PET-Boca,Cien,1.49,4.97,20253974,Kozmetika,1.49
Pro-Vitamin Šampon 2u1 SK3,0003948,0.311,300ml,PET-Boca,Cien,1.49,4.97,20253998,Kozmetika,1.49
Neg. piæe naranèa 20%,0003963,1.037,"5x0,2l",Pakovanje,Solevita,1.89,1.89,20092566,Piæe,1.89
"Trajno mlijeko 1,5%",0003979,1.034,1l,Pakovanje,Pilos,0.95,0.95,20078171,Hrana,0.95
Bebimil Hrana za dojenèad 1,0004473,0.6,600g,Pakovanje,,11.15,18.58,9007253104876,Hrana,11.25
Bebimil Hrana za dojenèad 1,0004473,0.6,600g,Pakovanje,,11.15,18.58,9007253105071,Hrana,11.25
Bebimil Hrana za dojenèad 2,0004474,0.6,600g,Pakovanje,,11.25,18.75,9007253102766,Hrana,11.25
"Coca Cola, 1l",0004501,1.04,1l,PET-Boca,,1.48,1.48,5449000054227,Piæe,1.48
"NUK Silikonske Dude varalice, Vel.1",0004531,0.032,2komad,Pakovanje,Mapa,5.29,5.29,4008600377870,Proizvodi za kuæanstvo,5.29
Mileram 22% m.m.,0004807,0.9,900g,Kanta,Pilos,2.89,3.21,20449049,Hrana,2.89
Mileram 22% m.m.,0004807,0.9,900g,Kanta,Pilos,2.89,3.21,20539061,Hrana,2.89
Mileram 22% m.m.,0004807,0.9,900g,Kanta,Pilos,2.89,3.21,3858886271277,Hrana,2.89
Pelinkovac 31% vol.,0004836,1.01,1l,Boca,Alliance,7.89,7.89,4304493256385,Piæe,7.89
"Dove Gel za tuširanje sort., 250ml",0004967,0.258,250ml,Boca,,2.99,11.96,8711600337954,Kozmetika,2.99
"Dove Gel za tuširanje sort., 250ml",0004967,0.258,250ml,Boca,,2.99,11.96,8712561625142,Kozmetika,2.99
Gouda komad,0004984,0.4,400g,Pakovanje,Pilos,3.95,9.88,20093341,Hrana,3.95
Edamer komad,0004985,0.25,250g,Atmos-Pakiranje,Pilos,2.69,10.76,5900120065000,Hrana,2.69
Carski sir komad,0004986,0.25,250g,Atmos-Pakiranje,Pilos,2.59,10.36,20267780,Hrana,2.59
Donat Mg Gazirana mineralna voda,0005013,1,1l,PET-Boca,,2.19,2.19,3838600024945,Piæe,2.19
Zdenka Topljeni sir SK1,0005039,0.14,140g,Pakovanje,,2.19,15.64,3858888590147,Hrana,2.19
Nestlé Nescafe 2u1/3u1,0005074,0.137,"80g, 140g, 155g",Vrecica,,2.99,19.29,5998710967650,Piæe,2.99
Nestlé Nescafe 2u1/3u1,0005074,0.137,"80g, 140g, 155g",Vrecica,,2.99,17.59,7613032921125,Piæe,2.99
Nestlé Nescafe 2u1/3u1,0005074,0.137,"80g, 140g, 155g",Vrecica,,2.99,19.29,7613033866357,Piæe,2.99
Nestlé Nescafe 2u1/3u1,0005074,0.137,"80g, 140g, 155g",Vrecica,,2.99,17.59,7613033866357,Piæe,2.99
Nestlé Nescafe 2u1/3u1,0005074,0.137,"80g, 140g, 155g",Vrecica,,2.99,17.59,7613036844475,Piæe,2.99
"BO Kruh s krumpirom, 400g",0005083,0.4,400g,Rasuto,,1.15,2.88,3859890755845,Hrana,1.15
Argeta Pašteta od tune 3x95g,0005122,0.285,3x95g,Pakovanje,,4.99,17.51,3838471013222,Hrana,4.99
Argeta Pašteta od tune 3x95g,0005122,0.285,3x95g,Pakovanje,,4.99,17.51,3838975567207,Hrana,4.99
Argeta Riblja pašteta SK1,0005139,0.095,95g,Limenka,,1.99,20.95,3838471015868,Hrana,1.99
"PPK Mesni narezak, 100g",0005349,0.1,100g,Posudica,,0.79,7.9,3858881617056,Hrana,0.79
"Suha svinjska peèenica, cca. 400g",0005471,1,ca. 400g,Vakumir. pakov.,Okusi zavièaja,14.99,14.99,2105262000000,Hrana,14.99
"Èajni kolutiæi SK1, RFA",0005588,0.767,"700g,800g",Vrecica,Tastino,2.59,3.7,20396053,Hrana,2.59
"Svježi pileæi želuci, 500g",0005594,0.5,500g,Atmos-Pakiranje,,1.49,2.98,4334035669854,Hrana,1.49
Svježa pileæa jetra i srca,0005595,0.5,500g,Atmos-Pakiranje,Naša mesnica,1.4,2.8,3859890764120,Hrana,1.59
Svježi pileæi filet,0005607,1,ca. 500g,Atmos-Pakiranje,Naša mesnica,7.39,7.39,2852020000000,Hrana,7.39
Svježi pileæi filet,0005607,1,ca. 500g,Atmos-Pakiranje,Naša mesnica,7.39,7.39,2852024000000,Hrana,7.39
Svježi pileæi filet,0005607,1,ca. 500g,Atmos-Pakiranje,Naša mesnica,7.39,7.39,2891926000000,Hrana,7.39
Axe gel za tuširanje sort.,0005639,0.257,250ml,Boca,,2.99,11.96,42182740,Kozmetika,2.99
Axe gel za tuširanje sort.,0005639,0.257,250ml,Boca,,2.99,11.96,8710447279793,Kozmetika,2.99
Axe gel za tuširanje sort.,0005639,0.257,250ml,Boca,,2.99,11.96,8717163947685,Kozmetika,2.99
Pita od jabuka,0005669,0.42,420g,Pakovanje,Okusi zavièaja,4.09,9.74,20538224,Hrana,4.09
"Èokoladne bananice, 5x17g",0005681,0.085,5x17g,Vrecica,Mister Choc,0.89,10.47,20389413,Hrana,0.99
Tic Tac SK5,0005761,0.018,18g,Pakovanje,,0.79,0.79,80834649,Hrana,0.79
"Violeta Toaletni papir, 2-sl., 8/1",0005795,0.409,8x110Blatt,Pakovanje,,2.35,0.29,3870128000186,Proizvodi za kuæanstvo,2.35
Kinder Surprise LEI,0005807,0.02,20g,Pakovanje,,1.49,1.49,54088191,Hrana,1.49
Svinjsko meso za gulaš,0005810,0.4,400g,Atmos-Pakiranje,Naša mesnica,2.4,6,20446116,Hrana,2.49
Sensodyne Pasta za zube SK2,0005894,0.075,75ml,Tuba,,3.95,52.67,5054563072634,Kozmetika,3.95
Schauma šampon sort.,0005896,0.52,400ml,Boca,,3.17,7.93,3838824351483,Kozmetika,3.17
Schauma šampon sort.,0005896,0.52,400ml,Boca,,3.17,7.93,4015001005394,Kozmetika,3.17
Schauma šampon sort.,0005896,0.52,400ml,Boca,,3.17,7.93,4015001005622,Kozmetika,3.17
Schauma šampon sort.,0005896,0.52,400ml,Boca,,3.17,7.93,4015100196863,Kozmetika,3.17
Štrukli sa sirom,0005938,0.6,600g,Vrecica,Okusi zavièaja,3.98,6.63,20317805,Hrana,3.98
Nivea Dezodorans roler SK1,0005958,0.052,50ml,Pakovanje,,3.95,79,4005808303267,Kozmetika,3.95
"Tortina SK1, 300g",0006147,0.3,300g,Pakovanje,Tastino,1.99,6.63,20476120,Hrana,1.99
"Svj.pil. zadnja èetvrt, cca.650g",0006219,1,ca. 650g,Pakovanje,Naša mesnica,2.99,2.99,2101810000000,Hrana,2.99
Autan Family Care sprej,0006224,0.12,100ml,Sprühdose,,7.99,79.9,8002030142639,Proizvodi za kuæanstvo,7.99
"Jack Daniels Tennessee Whiskey, 40%",0006251,0.7,"0,7l",Boca,,23.02,32.89,5099873012499,Piæe,24.22
"Jack Daniels Tennessee Whiskey, 40%",0006251,0.7,"0,7l",Boca,,23.02,32.89,5099873089798,Piæe,24.22
Ballantine's Ble. Scotch Whisky 40%,0006253,0.663,"0,7l",Boca,,15.52,22.17,5010106113127,Piæe,15.52
"Graševina, kvalit. bijelo vino, BB",0006282,2.958,3l,Pakovanje,Winemakers of Croatia,11.99,4,20538163,Piæe,11.99
Ritter Sport SK17,0006343,0.1,100g,Tabla,Ritter,1.79,17.9,4000417019004,Hrana,1.79
Ritter Sport SK17,0006343,0.1,100g,Tabla,Ritter,1.79,17.9,4000417210005,Hrana,1.79
Ritter Sport SK17,0006343,0.1,100g,Tabla,Ritter,1.79,17.9,4000417213006,Hrana,1.79
Ritter Sport SK17,0006343,0.1,100g,Tabla,Ritter,1.79,17.9,4000417214003,Hrana,1.79
Ritter Sport SK17,0006343,0.1,100g,Tabla,Ritter,1.79,17.9,4000417299000,Hrana,1.79
Ritter Sport SK17,0006343,0.1,100g,Tabla,Ritter,1.79,17.9,4000417302007,Hrana,1.79
Hren SK2,0006427,0.189,"185g,190g",Staklo,Kania,1.19,6.43,20359492,Hrana,1.19
"Svježa pileæa leða, cca. 750g",0006457,1,ca. 750g,Atmos-Pakiranje,Naša mesnica,1.69,1.69,2852033000000,Hrana,1.69
"Svježa pileæa leða, cca. 750g",0006457,1,ca. 750g,Atmos-Pakiranje,Naša mesnica,1.69,1.69,2852034000000,Hrana,1.69
"Svježa pileæa leða, cca. 750g",0006457,1,ca. 750g,Atmos-Pakiranje,Naša mesnica,1.69,1.69,2891139000000,Hrana,1.69
"Svježa pileæa leða, cca. 750g",0006457,1,ca. 750g,Atmos-Pakiranje,Naša mesnica,1.69,1.69,3858890930443,Hrana,1.69
"Svježa pileæa prsa, bk sk, cca 500g",0006488,1,ca. 500g,Atmos-Pakiranje,Naša mesnica,5.89,5.89,2852051000000,Hrana,5.89
"Svježa pileæa prsa, bk sk, cca 500g",0006488,1,ca. 500g,Atmos-Pakiranje,Naša mesnica,5.89,5.89,2891141000000,Hrana,5.89
Svježi pileæi batak,0006489,1,ca. 500g,Atmos-Pakiranje,Naša mesnica,4.09,4.09,2891963000000,Hrana,4.09
Svježi pileæi batak,0006489,1,ca. 500g,Atmos-Pakiranje,Naša mesnica,4.09,4.09,2891967000000,Hrana,4.09
Èešnjovka/Dalm. kobasica SK4,0006587,0.2,200g,Atmos-Pakiranje,Okusi zavièaja,2.19,10.95,20492519,Hrana,2.89
"Domaæe masl. s košt. SK1, OM: 200g",0006628,0.2,370ml,Staklo,Okusi zavièaja,3.29,16.45,20428846,Hrana,3.29
"Svježi pileæi zabatak, cca. 500g",0006675,1,ca. 500g,Atmos-Pakiranje,Naša mesnica,4.09,4.09,2852049000000,Hrana,4.09
"Svježi pileæi zabatak, cca. 500g",0006675,1,ca. 500g,Atmos-Pakiranje,Naša mesnica,4.09,4.09,2891976000000,Hrana,4.09
Lovorov list cijeli,0006688,0.005,5g,Vrecica,Kania,0.25,0.25,20071882,Hrana,0.25
Pag 91 Morska sol za pos. cesta,0006718,10,10kg,Vreca,,1.99,0.2,3859888817173,Proizvodi za kuæanstvo,1.99
"Pileæi mix za juhu, cca. 500g",0006735,1,ca. 500g,Atmos-Pakiranje,Naša mesnica,2.69,2.69,2891123000000,Hrana,2.69
"Pileæi mix za juhu, cca. 500g",0006735,1,ca. 500g,Atmos-Pakiranje,Naša mesnica,2.69,2.69,2891125000000,Hrana,2.69
"Pileæi mix za juhu, cca. 500g",0006735,1,ca. 500g,Atmos-Pakiranje,Naša mesnica,2.69,2.69,2891127000000,Hrana,2.69
"Pileæi mix za juhu, cca. 500g",0006735,1,ca. 500g,Atmos-Pakiranje,Naša mesnica,2.69,2.69,2891129000000,Hrana,2.69
Nivea Sun Protect & Bronze ZF 30,0007526,0.2,200ml,PET-Boca,,13.99,69.95,7319470012134,Kozmetika,13.99
M&M's SK2,0007674,0.214,"187g,220g",Samost.vreca,,3.29,14.95,5000159471510,Hrana,3.29
M&M's SK2,0007674,0.214,"187g,220g",Samost.vreca,,3.29,17.59,5000159472029,Hrana,3.29
M&M's SK2,0007674,0.214,"187g,220g",Samost.vreca,,3.29,17.59,5000159472050,Hrana,3.29
Air Wick Fresh Matic Refill sort.,0008404,0.17,250ml,Limenka,,6.69,26.76,3059943009066,Sredstva za èišæenje,6.69
Air Wick Fresh Matic Refill sort.,0008404,0.17,250ml,Limenka,,6.69,26.76,3059943009080,Sredstva za èišæenje,6.69
Riža dugozrnata XXL,0008534,3,3kg,Vrecica,Golden Sun,3.49,1.16,20257880,Hrana,3.49
"Pinot crni, kvalitetno crno vino",0008925,0.745,"0,75l",Boca,Winemakers of Croatia,5.49,7.32,4056489611585,Piæe,5.49
"Graševina, kvalitetno bijelo vino",0008927,0.75,"0,75l",Boca,Winemakers of Croatia,5.49,7.32,4304493256675,Piæe,5.49
"Cockta Original, 0,5l",0008932,0.5,"0,5l",PET-Boca,,1.22,2.44,3838471032476,Piæe,1.22
"Cockta Original, 0,5l",0008932,0.5,"0,5l",PET-Boca,,1.22,2.44,3838600027977,Piæe,1.22
"Inæuni u maslinovom ulju, ATG: 43g",0008962,0.08,80g,Staklo,Nixe,2.29,53.26,20040130,Hrana,2.29
"Mineralna voda gazirana, 0,5l",0008994,0.5,"0,5l",PET-Boca,Saguaro,0.34,0.68,4304493256576,Piæe,0.37
Mak mljeveni,0009017,0.2,200g,Vrecica,Belbake,1.59,7.95,20254193,Hrana,1.59
Srdele u sunc. ulju,0009039,0.1,100g,Limenka,Okusi zavièaja,1.19,11.9,20538101,Hrana,1.19
"Svinjski file, cca. 400g",0009053,1,ca. 400g,Vakumir. pakov.,Naša mesnica,8.89,8.89,2874970000000,Hrana,8.89
"Lasagne Bolognese, svinjetina",0009098,1,1kg,Plitica,Chef Select,5.29,5.29,4056489139409,Hrana,5.29
Pizza hlaðena SK27,0009099,0.43,430g,Pakovanje,Chef Select,2.99,6.95,20165406,Hrana,2.99
"Barilla Fusilli, 500g",0009185,0.5,500g,Kart. na prekl.,Barilla,1.19,2.38,8076802085981,Hrana,1.19
"Ožujsko Svijetlo pivo 5%, 1l-PET",0009325,1,1l,PET-Boca,,2.09,2.09,3850131400807,Piæe,2.09
Lampion SK7,0009364,0.29,290g,Pakovanje,-,1.99,1.99,20660499,Proizvodi za kuæanstvo,1.99
Spužvasta krpa,0009379,0.141,5komad,Pakovanje,W5,1.25,0.25,20056520,Proizvodi za kuæanstvo,1.25
Barilla Pesto Rosso,0009599,0.2,200g,Staklo,Barilla,2.75,13.75,8076809523547,Hrana,2.35
Milka Choco Dessert Jaffa Jelly mal,0009676,0.147,147g,Pakovanje,,1.39,9.46,7622300479107,Hrana,1.39
Somat sjajilo za posuðe,0009733,0.506,500ml,Boca,,3.32,6.64,9000101369267,Sredstva za èišæenje,3.32
Gel za kosu za muškarce SK10,0009855,0.15,150ml,Tuba,Cien,1.79,11.93,20187279,Kozmetika,1.79
"Minas mljevena kava, 200g",0009877,0.2,200g,Vrecica,-,2.89,14.45,20208462,Piæe,2.79
"Toaletni papir, 4-slojni",0009891,1.23,1600Blatt,Pakovanje,Floralys,4.39,0.44,20007379,Proizvodi za kuæanstvo,4.39
"Toaletni papir, 4-slojni",0009891,1.23,1600Blatt,Pakovanje,Floralys,4.39,0.44,4056489110842,Proizvodi za kuæanstvo,4.39
Umak od rajèice,0010874,0.5,500g,Staklo,Combino,2.19,4.38,4056489488460,Hrana,2.19
Umak od rajèice,0010874,0.5,500g,Staklo,Combino,2.19,4.38,4056489488477,Hrana,2.19
Pommes Frites za peænicu 7x7,0011162,1,1kg,Vrecica,Harvest Basket,2.89,2.89,20001575,Hrana,2.89
Potatoe wedges - Pekarski krumpir,0011314,0.75,750g,Vrecica,Harvest Basket,2.19,2.92,20047900,Hrana,2.19
Maslinovo ulje ekstra djev.,0011366,0.912,1l,PET-Boca,Primadonna,8.99,8.99,4056489141877,Hrana,8.99
Mini-pašteta SK44,0011547,0.13,130g,Atmos-Pakiranje,Alpenfest,1.49,11.46,20140458,Hrana,1.49
Mini-pašteta SK44,0011547,0.13,130g,Atmos-Pakiranje,Alpenfest,1.49,11.46,20140472,Hrana,1.49
Salsa umak SK8,0011890,0.31,"300g,315g",Staklo,Snack Day,1.59,5.3,20108601,Hrana,1.59
Salata krumpir SK18,0011927,1,1kg,Posudica,Chef Select,2.89,2.89,4056489531593,Hrana,2.89
Mljeveni crni papar,0012046,0.05,50g,Staklo,Kania,1.29,25.8,4056489416722,Hrana,1.29
Zaèinska sol za piletinu,0012056,0.07,70g,Staklo,Kania,1.09,15.57,20000356,Hrana,1.09
Extra djevièansko maslinovo ulje,0012081,0.684,"0,75l",Boca,Sol&Mar,5.89,7.85,20165185,Hrana,5.89
"Smrznute maline, 500g",0012134,0.5,500g,Vrecica,-,4.39,8.78,20130626,Hrana,4.39
Jogurt 5% SK 4,0012211,1,1kg,Kanta,Pilos,2.99,2.99,4056489110149,Hrana,Nije_bilo_u_prodaji_02.05.2025
MSC Fileti haringe u umaku SK20,0012408,0.2,200g,Limenka,Nixe,1.49,7.45,4056489666004,Hrana,1.49
"MSC Morski plodovi SK2, ATG: 270g",0012609,0.3,300g,Vakumir. pakov.,Ocean Sea,3.49,12.93,20102203,Hrana,3.49
Bosiljak,0012871,0.015,15g,Staklo,Kania,0.49,0.49,20000394,Hrana,0.49
Ružmarin,0012875,0.025,25g,Staklo,Kania,0.56,0.56,4056489367253,Hrana,0.56
Sendviè toast ,0021321,0.75,750g,Vrecica,Tastino,1.69,2.25,20061272,Hrana,1.69
Sredstvo za èišæenje poda SK17,0021341,1.01,1l,PET-Boca,W5,1.85,1.85,20335922,Sredstva za èišæenje,1.85
Sredstvo za èišæenje poda SK17,0021341,1.01,1l,PET-Boca,W5,1.85,1.85,20644260,Sredstva za èišæenje,1.85
Mješavina za tart SK1,0021592,0.513,"490g,535g",Kart. na prekl.,Duc de Coeur,2.29,4.28,20189150,Hrana,2.29
Mješavina za tart SK1,0021592,0.513,"490g,535g",Kart. na prekl.,Duc de Coeur,2.29,4.28,20189167,Hrana,2.29
Sladoled štapiæ SK7,0021940,0.219,3x110ml,Kart. na prekl.,Gelatelli,2.19,6.64,20001315,Hrana,2.19
"Cantuccini Hrskavo pecivo SK2, RFA",0021969,0.3,300g,Vrecica,Sondey,2.39,7.97,20034177,Hrana,2.29
Špagete Tricolore,0022109,0.5,500g,Vrecica,Italiamo,1.69,3.38,20122560,Hrana,1.69
Original tal. ocat Balsamico ,0022471,0.55,"0,5l",Boca,Acentino,1.99,3.98,4056489238072,Hrana,1.99
Original tal. ocat Balsamico ,0022471,0.55,"0,5l",Boca,Acentino,1.99,3.98,4056489272779,Hrana,1.99
Krutoni SK1,0022485,0.1,100g,Kart. na prekl.,Kania,1.39,13.9,20171087,Hrana,1.39
Tart SK8,0022531,0.26,260g,Kart. na prekl.,Duc de Coeur,2.99,11.5,20169978,Hrana,2.99
Meki bijeli sir,0022613,0.35,350g,Pakovanje,Duc de Coeur,3.19,9.11,20131623,Hrana,3.19
Kikiriki u tijestu SK9,0022808,0.2,200g,Vrecica,Alesto,1.59,7.95,20215743,Hrana,1.59
Kikiriki u tijestu SK9,0022808,0.2,200g,Vrecica,Alesto,1.59,7.95,20529963,Hrana,1.59
Baguettes-francuz SK5,0022918,0.35,2x175g,Vrecica,Chef Select,2.79,7.97,4056489447566,Hrana,2.79
Tortilla 6x25cm,0022934,0.37,370g,Pakovanje,Snack Day,1.39,3.76,4056489328766,Hrana,1.39
Pripravak od vinskog octa SK1,0024610,0.3,250ml,Boca,Deluxe,3.74,14.96,4056489323327,Hrana,3.74
Pripravak od vinskog octa SK1,0024610,0.3,250ml,Boca,Deluxe,3.74,14.96,4056489323334,Hrana,3.74
Aceto Balsamico SK1,0024845,0.274,250ml,Boca,Italiamo,1.99,7.96,20225001,Hrana,1.99
Djeèji sprej za sunèanje ZF 50+,0024982,0.151,150ml,Limenka,Cien Sun,5.95,39.67,4056489182313,Kozmetika,5.95
Djeèji sprej za sunèanje ZF 50+,0024982,0.151,150ml,Limenka,Cien Sun,5.95,39.67,4056489368328,Kozmetika,5.95
Djeèji sprej za sunèanje ZF 50+,0024982,0.151,150ml,Limenka,Cien Sun,5.95,39.67,4335619130456,Kozmetika,5.95
Pizza 4 vrste sira,0025765,0.35,350g,Kart. na prekl.,Italiamo,3.19,9.11,20490713,Hrana,3.19
Piškote,0026237,0.4,400g,Pakovanje,Sondey,1.75,4.38,4056489166696,Hrana,1.75
Zaštitna Anti-age krema za sunè SK6,0027370,0.075,75ml,Tuba,Cien Sun,4.99,66.53,20231491,Kozmetika,4.99
Zaštitna Anti-age krema za sunè SK6,0027370,0.075,75ml,Tuba,Cien Sun,4.99,66.53,4056489368410,Kozmetika,4.99
"Bio jogurt 3,8%",0027420,0.15,150g,Posudica,Pilos,0.55,3.67,20144302,Hrana,0.55
Spumante Bianco Dolce,0028102,0.75,"0,75l",Boca,Allini,2.65,3.53,4056489833680,Piæe,2.65
Suš. rajè. u su. i ma. ulju OM 140g,0028400,0.285,285g,Staklo,Baresa,2.29,16.36,20199876,Hrana,2.29
Kukuruz u zrnu (OM 285g),0028424,0.34,425ml,Limenka,Freshona,1.09,3.82,4056489500124,Hrana,1.09
Lješnjak mljeveni,0028484,0.2,200g,Vrecica,Belbake,2.69,13.45,20003395,Hrana,2.69
Chil. Malbec Reserva Privada ,0028529,0.75,"0,75l",Boca,-,3.99,5.32,4056489522539,Piæe,3.99
Tamna èok. 60%,0028824,0.125,125g,Tabla,J.D. Gross,2.99,23.92,20000233,Hrana,2.99
Gel za brijanje ,0028839,0.2,200ml,Limenka,Cien MEN,2.09,10.45,4056489431091,Kozmetika,2.09
Flaster SK7,0028901,0.023,"20komad,40komad",Pakovanje,Sensiplast,0.89,0.02,20084950,Proizvodi za kuæanstvo,0.89
Flaster SK7,0028901,0.023,"20komad,40komad",Pakovanje,Sensiplast,0.89,0.04,20084967,Proizvodi za kuæanstvo,0.89
Flaster SK7,0028901,0.023,"20komad,40komad",Pakovanje,Sensiplast,0.89,0.02,20254353,Proizvodi za kuæanstvo,0.89
Flaster SK7,0028901,0.023,"20komad,40komad",Pakovanje,Sensiplast,0.89,0.02,4042441018448,Proizvodi za kuæanstvo,0.89
Flaster SK7,0028901,0.023,"20komad,40komad",Pakovanje,Sensiplast,0.89,0.04,4056489235606,Proizvodi za kuæanstvo,0.89
Flaster SK7,0028901,0.023,"20komad,40komad",Pakovanje,Sensiplast,0.89,0.02,40895369,Proizvodi za kuæanstvo,0.89
Tortilla èips SK 19,0029058,0.3,300g,Vrecica,El Tequito,1.49,4.97,4056489315247,Hrana,1.69
Tortilla wraps 8x20cm,0029059,0.32,320g,Pakovanje,El Tequito,1.19,3.72,20063412,Hrana,1.19
Ledeni èaj breskva,0029115,1.02,"5x0,2l",Pakovanje,Freeway,1.49,1.49,20119249,Piæe,1.49
Tal. sjeckana rajèica sa zaè. SK1,0029238,0.4,425ml,Limenka,Baresa,1.19,2.98,20198077,Hrana,1.19
"Dnevni ulošci s Aloe Vera, SK8",0029444,0.072,"26komad,32komad,45komad",Kart. na prekl.,Siempre,1.25,0.04,20069636,Proizvodi za kuæanstvo,1.25
Datulje,0029763,0.18,180g,Pakovanje,Deluxe,2.29,12.72,20235253,Hrana,2.29
Mješ. orašastih plodova/ voæa SK4,0029819,0.2,200g,Vrecica,Alesto Selection,1.99,9.95,20005726,Hrana,1.99
Desertni specijaliteti SK22,0030937,0.175,"2x85g,2x90g",Pakovanje,MCENNEDY,1.69,9.94,20934095,Hrana,1.69
Desertni specijaliteti SK22,0030937,0.175,"2x85g,2x90g",Pakovanje,MCENNEDY,1.69,9.94,4056489102656,Hrana,1.69
Pjenasta kupka SK16,0031129,1.03,1l,PET-Boca,Cien,2.25,2.25,4056489694571,Kozmetika,2.25
Pjenasta kupka SK16,0031129,1.03,1l,PET-Boca,Cien,2.25,2.25,4056489694588,Kozmetika,2.25
Creme Caramel,0031400,0.4,4x100g,Pakovanje,Duc de Coeur,1.99,4.98,20175955,Hrana,1.99
Twist štap. od lis. tijesta slani,0031460,0.15,150g,Pakovanje,Snack Day,1.59,10.6,20071080,Hrana,1.59
"Ekstra džem od marelice, 450g",0031561,0.45,450g,Staklo,Maribel,2.39,5.31,20000639,Hrana,2.39
Punjeni èokoladni štapiæi jag.-jog.,0031678,0.2,200g,Kart. na prekl.,Mister Choc,2.99,14.95,20131548,Hrana,2.99
Sladoled štapiæ badem,0031721,0.084,120ml,Pakovanje,Gelatelli,0.99,8.25,20012137,Hrana,0.99
Lasagne SK32,0032112,0.4,400g,Plitica,Chef Select,2.79,6.98,20211363,Hrana,2.79
Lasagne SK32,0032112,0.4,400g,Plitica,Chef Select,2.79,6.98,4056489865582,Hrana,2.79
"Dimljeni losos, škotski",0032117,0.32,320g,Pakovanje,Deluxe,9.99,31.22,4056489144007,Hrana,9.99
"Mini-Napolitanke, UTZ",0032168,0.26,4x65g,Pakovanje,Sondey,1.39,5.35,20856878,Hrana,1.39
"Svijetlo pivo 4,9%",0032276,0.503,"0,5l",Boca,Perlenbacher,0.99,1.98,4056489237181,Piæe,0.99
Snack kobasica Tirolska SK3,0032325,0.15,150g,Atmos-Pakiranje,Alpenfest,1.99,13.27,22288800,Hrana,1.99
Snack kobasica Tirolska SK3,0032325,0.15,150g,Atmos-Pakiranje,Alpenfest,1.99,13.27,22288830,Hrana,1.99
Snack kobasica Tirolska SK3,0032325,0.15,150g,Atmos-Pakiranje,Alpenfest,1.99,13.27,22288890,Hrana,1.99
Australski Shiraz (EUA),0034497,0.75,"0,75l",Boca,Cimarosa,3.99,5.32,4304493261556,Piæe,3.99
JAR Chardonnay/Colombard (EUA),0034517,0.744,"0,75l",Boca,Cimarosa,1.33,1.77,4304493261570,Piæe,1.33
Vrhnje za kuhanje 22%,0034596,0.202,200ml,Pakovanje,Milbona,1.05,5.25,20531072,Hrana,1.05
Mlijeko za sunèanje ZF 20,0034646,0.257,250ml,PET-Boca,Cien Sun,4.49,17.96,20207663,Kozmetika,4.49
Yogurt SK4,0036211,0.15,150g,Posudica,MCENNEDY,0.69,4.6,20252809,Hrana,0.89
Yogurt SK4,0036211,0.15,150g,Posudica,MCENNEDY,0.69,4.6,20702656,Hrana,0.89
Èips rebrasti s okusom sira i luka,0036645,0.15,150g,Vrecica,Snack Day,1.15,7.67,20173265,Hrana,1.15
Èips rebrasti s okusom sira i luka,0036645,0.15,150g,Vrecica,Snack Day,1.15,7.67,4056489317937,Hrana,1.15
Premium Müsli SK1,0036658,0.75,750g,Vrecica,Crownfield,4.99,6.65,20202866,Hrana,4.99
Crisp 'N' Cake SK4,0036674,0.372,600ml,Kart. na prekl.,Gelatelli,3.29,5.48,4056489124269,Hrana,3.29
Topljeni sir trokutiæi SK9,0038308,0.25,250g,Pakovanje,Milbona,2.79,11.16,4056489738596,Hrana,2.79
"Prutiæi za maèke SK4, 50g",0038491,0.05,50g,Pakovanje,Coshida,1.39,27.8,20166847,Proizvodi za kuæanstvo,1.39
"Prutiæi za maèke SK4, 50g",0038491,0.05,50g,Pakovanje,Coshida,1.39,27.8,20166922,Proizvodi za kuæanstvo,1.39
"Prutiæi za maèke SK4, 50g",0038491,0.05,50g,Pakovanje,Coshida,1.39,27.8,4056489142461,Proizvodi za kuæanstvo,1.39
Pasta za zube SK9,0038752,0.155,125ml,Tuba,Dentalux,1.05,8.4,20006891,Kozmetika,1.05
Pasta za zube SK9,0038752,0.155,125ml,Tuba,Dentalux,1.05,8.4,4056489498070,Kozmetika,1.05
Smoothie 250ml SK13,0038798,0.265,250ml,PET-Boca,Solevita,1.49,5.96,4304493262737,Hrana,1.49
Hrana za pse SK13,0038821,0.3,300g,Plitica,Orlando,0.79,2.63,4056489583448,Proizvodi za kuæanstvo,0.89
Zapeèeni grah u umaku od rajèice,0038980,0.415,425ml,Limenka,Freshona,0.99,2.36,20009847,Hrana,0.99
Predjela na talijanski naèin SK16,0039135,0.288,"285g,300g",Staklo,Italiamo,2.29,7.63,20097868,Hrana,2.29
Predjela na talijanski naèin SK16,0039135,0.288,"285g,300g",Staklo,Italiamo,2.29,7.63,20416669,Hrana,2.29
Predjela na talijanski naèin SK16,0039135,0.288,"285g,300g",Staklo,Italiamo,2.29,8.04,20488833,Hrana,2.29
Kebab SK4,0039475,0.3,300g,Kart. na prekl.,1001 delights,3.49,11.63,20169947,Hrana,3.49
Maramice za njegu kontr. ploèe SK2,0039559,0.227,30komad,Pakovanje,W5,2.29,0.08,4056489286752,Proizvodi za kuæanstvo,2.29
Zaèini SK3,0039567,0.046,"35g,45g,65g",PET-Boca,Vitasia,0.99,2.83,20400873,Hrana,0.99
Zaèini SK3,0039567,0.046,"35g,45g,65g",PET-Boca,Vitasia,0.99,2.2,20400873,Hrana,0.99
Zaèini SK3,0039567,0.046,"35g,45g,65g",PET-Boca,Vitasia,0.99,2.2,20400880,Hrana,0.99
Umaci za wok SK1,0039819,0.49,490g,Staklo,Vitasia,2.19,4.47,20154189,Hrana,1.99
Umaci za wok SK1,0039819,0.49,490g,Staklo,Vitasia,2.19,4.47,20154196,Hrana,1.99
Vlažne maramice za staklo,0039826,0.19,30komad,Pakovanje,W5,1.99,0.07,20199197,Proizvodi za kuæanstvo,1.99
Asia umaci SK6,0040086,0.284,250ml,Boca,Vitasia,1.49,5.96,20110857,Hrana,1.49
American style cookies SK1,0043358,0.175,175g,Vrecica,MCENNEDY,1.39,7.94,20519315,Hrana,1.39
Kremasti jogurt SK2,0043990,0.15,150g,Posudica,Italiamo,0.89,5.93,20257163,Hrana,0.89
Kremasti jogurt SK2,0043990,0.15,150g,Posudica,Italiamo,0.89,5.93,20257170,Hrana,0.89
Sred. za èišæenje naplataka/insek.,0044872,0.758,750ml,PET-Boca,W5,3.29,4.39,4335619058132,Sredstva za èišæenje,3.29
Origano usitnjeni,0045073,0.012,12g,Staklo,Kania,0.99,0.99,4056489762218,Hrana,0.99
Twist s maslacem SK2,0045986,0.125,125g,Pakovanje,Duc de Coeur,1.39,11.12,4056489257844,Hrana,1.39
Grèki feta sir,0048087,0.2,200g,Vakumir. pakov.,Milbona,3.29,16.45,20262969,Hrana,3.29
Prosecco Treviso DOC frizzante,0048641,0.75,"0,75l",Boca,Allini,4.99,6.65,4304493261679,Piæe,4.99
Vrhnje za šlag bez laktoze,0052366,0.2,200g,Pakovanje,Milbona,1.39,6.95,20286415,Hrana,1.39
"Smrznuto povræe, SK7",0054707,0.45,450g,Vrecica,Freshona,1.59,3.53,20385965,Hrana,1.79
"Smrznuto povræe, SK7",0054707,0.45,450g,Vrecica,Freshona,1.59,3.53,4056489534068,Hrana,1.79
"Smrznuto povræe, SK7",0054707,0.45,450g,Vrecica,Freshona,1.59,3.53,4056489534082,Hrana,1.79
Basmati riža XXL,0055571,4.5,"4,5kg",Vrecica,Golden Sun,9.99,2.22,4056489168256,Hrana,9.99
"Prutiæi za pse SK1, 88g",0055891,0.088,88g,Pakovanje,Orlando,1.19,13.52,20307257,Proizvodi za kuæanstvo,1.19
"Prutiæi za pse SK1, 88g",0055891,0.088,88g,Pakovanje,Orlando,1.19,13.52,20307264,Proizvodi za kuæanstvo,1.19
"Prutiæi za pse SK1, 88g",0055891,0.088,88g,Pakovanje,Orlando,1.19,13.52,4056489142522,Proizvodi za kuæanstvo,1.19
Specijaliteti od kozjeg sira SK30,0058128,0.1,100g,Pakovanje,Duc de Coeur,1.71,17.1,20696627,Hrana,1.71
Chili con Carne,0058173,0.8,800g,Limenka,El Tequito,3.19,3.99,20113476,Hrana,3.19
Secco Bianco,0058528,0.2,"0,2l",Limenka,Allini,0.99,4.95,4304493268524,Piæe,0.99
Dvopek,0058560,0.6,600g,Pakovanje,Certossa,1.99,3.32,20015848,Hrana,2.39
Ledena kava SK6,0058658,0.261,250ml,Posudica,Milbona,1.09,4.36,4056489010753,Hrana,1.09
Grèki zaèini SK5,0060253,0.041,"35g,40g,50g",Limenka,Eridanous,0.79,19.75,4056489644286,Hrana,0.79
Grèki zaèini SK5,0060253,0.041,"35g,40g,50g",Limenka,Eridanous,0.79,15.8,4056489644286,Hrana,0.79
Grèki zaèini SK5,0060253,0.041,"35g,40g,50g",Limenka,Eridanous,0.79,22.57,4056489644293,Hrana,0.79
Grèki zaèini SK5,0060253,0.041,"35g,40g,50g",Limenka,Eridanous,0.79,15.8,4056489723646,Hrana,0.79
"Festbier 5,5%",0060604,0.5,"0,5l",Limenka,Perlenbacher,0.79,1.58,4304493268197,Piæe,0.79
"Pršut Jamon Serrano, narezan",0062325,0.08,80g,Atmos-Pakiranje,Sol&Mar,2.39,29.88,20321956,Hrana,2.39
Dezodorans SK21,0062781,0.117,200ml,Limenka,Cien,1.29,6.45,20321024,Kozmetika,1.29
Dezodorans SK21,0062781,0.117,200ml,Limenka,Cien,1.29,6.45,20549183,Kozmetika,1.29
Dezodorans SK21,0062781,0.117,200ml,Limenka,Cien,1.29,6.45,4056489547150,Kozmetika,1.29
Dezodorans muški SK15,0062785,0.124,200ml,Limenka,Cien MEN,1.29,6.45,4056489235989,Kozmetika,1.29
Dezodorans muški SK15,0062785,0.124,200ml,Limenka,Cien MEN,1.29,6.45,4056489235996,Kozmetika,1.29
Baguette 6er SK2,0062848,0.75,750g,Kart. na prekl.,Trattoria Alfredo,4.99,6.65,4056489451150,Hrana,4.99
Picco Pizzi šunka/salama SK1,0063013,0.36,360g,Kart. na prekl.,Trattoria Alfredo,3.99,11.08,20279875,Hrana,3.99
Èokoladne lizalice SK5,0063416,0.15,150g,Pakovanje,Favorina,1.59,10.6,20336608,Hrana,1.59
Tiramisu,0063494,0.5,500g,Pakovanje,Deluxe,3.79,7.58,20331179,Hrana,3.79
Salata od tune SK6,0063512,0.22,220g,Limenka,Nixe,2.89,13.14,4056489487401,Hrana,2.89
Bifteki sort. SK1,0065011,0.75,750g,Vrecica,Eridanous,7.99,10.65,20330453,Hrana,7.99
Transp. sprej za sunèanje ZF 20,0065110,0.221,250ml,PET-Boca,Cien Sun,6.49,25.96,20340674,Kozmetika,6.49
Transp. sprej za sunèanje ZF 20,0065110,0.221,250ml,PET-Boca,Cien Sun,6.49,25.96,4056489368885,Kozmetika,6.49
Wok povræe SK2,0065136,0.6,600g,Vrecica,Vitasia,2.29,3.82,4056489499244,Hrana,2.59
Smoki XXL sort. SK1,0065418,0.2,"150g,250g",Vrecica,Snack Day,1.19,7.93,20343132,Hrana,1.19
Mesni sir na bavarski naèin SK1,0065425,0.4,400g,Atmos-Pakiranje,Alpenfest,2.72,6.8,20330224,Hrana,2.72
Müsli voæni SK1,0065568,1,1000g,Vrecica,Crownfield,3.49,3.49,4056489167990,Hrana,3.49
Salama sort. XXL SK1,0065617,0.24,240g,Atmos-Pakiranje,Dulano,2.49,10.38,20339548,Hrana,2.49
Krema za ruke SK6,0065854,0.109,"125ml,75ml",Tuba,Cien,1.19,15.87,4056489234081,Kozmetika,1.19
Odstr. laka za nokte bez acet. SK8,0065975,0.173,200ml,Dozator,Cien,1.99,9.95,4056489869016,Kozmetika,1.99
Snackballs SK5,0067615,0.175,175g,Vrecica,Snack Day,1.49,8.51,20804404,Hrana,1.49
Alpenstern Limburger Sir SK4,0068296,0.2,200g,Pakovanje,,3.99,19.95,4101430005163,Hrana,3.19
Beauty kompaktni puder SK4,0069825,0.005,"4,5g",Pakovanje,Cien,2.25,2.25,20908874,Kozmetika,2.25
Ledena kava XXL SK1,0070916,0.399,380ml,PET-Boca,Milbona,1.09,2.87,4304493266391,Hrana,1.09
Mozart kugle tamna èokolada,0070923,0.2,200g,Kart. na prekl.,J.D. Gross,3.39,16.95,4056489331391,Hrana,3.39
Bitter Aperitiv 11% Vol.,0070927,0.762,"0,7l",Boca,Bitterol,3.99,5.7,4304493263123,Piæe,3.99
Jumbo flips s kikirikijem,0072794,0.45,450g,Vrecica,MCENNEDY,2.49,5.53,4056489791973,Hrana,2.49
Instant tjestenina SK1,0073974,0.054,"44g,50g,57g,66g",Posudica,Vitasia,1.29,29.32,20387334,Hrana,1.29
Instant tjestenina SK1,0073974,0.054,"44g,50g,57g,66g",Posudica,Vitasia,1.29,25.8,20387334,Hrana,1.29
Instant tjestenina SK1,0073974,0.054,"44g,50g,57g,66g",Posudica,Vitasia,1.29,25.8,20387358,Hrana,1.29
Instant tjestenina SK1,0073974,0.054,"44g,50g,57g,66g",Posudica,Vitasia,1.29,19.55,20387365,Hrana,1.29
Instant tjestenina SK1,0073974,0.054,"44g,50g,57g,66g",Posudica,Vitasia,1.29,25.8,4056489192237,Hrana,1.29
Instant tjestenina SK1,0073974,0.054,"44g,50g,57g,66g",Posudica,Vitasia,1.29,19.55,4056489192244,Hrana,1.29
Sirni namaz,0074722,0.3,300g,Posudica,Milbona,2.25,7.5,20364328,Hrana,2.25
Njega lica za muškarce SK6 ,0076409,0.051,50ml,Kart. na prekl.,Cien,2.59,51.8,4056489323105,Kozmetika,2.59
Hugo,0077503,0.75,"0,75l",Boca,Allini,2.99,3.99,4056489237334,Piæe,2.99
Grèki jogurt SK2,0077784,0.5,4x125g,Posudica,Milbona,1.99,3.98,20898984,Hrana,1.99
Grèki jogurt SK2,0077784,0.5,4x125g,Posudica,Milbona,1.99,3.98,4056489010715,Hrana,1.99
Puding SK1,0078048,0.2,200g,Posudica,Pilos,0.75,3.75,20418403,Hrana,0.75
Kobasica za peèenje SK2,0079291,0.36,360g,Vakumir. pakov.,Grillmeister,2.99,8.31,4335619013445,Hrana,2.99
Lizalice SK 13,0079539,0.135,135g,Vrecica,Sweet Corner,1.99,14.74,20386658,Hrana,1.99
Mješavina vafla ili keksa XXL SK1,0079854,0.495,"440g,550g",Vrecica,Sondey,2.89,5.25,20420918,Hrana,3.49
Carinena Gran Reserva vino,0079897,0.75,"0,75l",Boca,Monte Plogar,3.99,5.32,4304493261624,Piæe,3.99
Naranèa 2kg,0080142,2,2kg,Pakovanje,,2.48,1.24,8437022068022,Hrana,2.48
Naranèa za cijeðenje,0080157,2,2kg,Pakovanje,,2.98,1.49,20241735,Hrana,2.98
Mrkva 1kg,0082761,1,1kg,Vrecica,,1.29,1.29,20239015,Hrana,1.29
Ljutika 250g,0082831,0.25,250g,Pakovanje,,0.99,3.96,20242770,Hrana,0.89
Celer list,0082846,0.458,1komad,Rasuto,,1.19,1.19,20341855,Hrana,1.19
Portobello gljive,0083054,0.3,300g,Pakovanje,,1.99,6.63,20500405,Hrana,1.99
Bosiljak,0083076,0.03,1komad,Lonac,,1.49,1.49,20486235,Hrana,1.49
Bio Hokkaido tikva,0084621,1,1kg,Rasuto,,2.99,2.99,20888381,Hrana,2.99
Bio zaèinsko bilje,0084647,0,1komad,Lonac,,1.19,1.19,20490409,Hrana,1.49
Bio zaèinsko bilje,0084647,0,1komad,Lonac,,1.19,1.19,4056489928409,Hrana,1.49
Bio zaèinsko bilje,0084647,0,1komad,Lonac,,1.19,1.19,40897295,Hrana,1.49
"Voæni jogurt 2,8% m.m., SK2",0086883,0.15,150g,Posudica,Pilos,0.37,2.47,20158538,Hrana,0.37
Carpaccio od lososa s parmezanom,0087261,0.123,123g,Pakovanje,Deluxe,3.99,31.92,20440978,Hrana,3.99
Sirup SK26,0087297,0.903,"0,7l",PET-Boca,Solevita,1.99,2.84,4304493268258,Piæe,1.99
Umaci za tjesteninu SK6,0087612,0.35,350g,Staklo,Italiamo,1.59,4.54,20602123,Hrana,1.59
Jogurt Duo SK1,0087634,0.175,175g,Posudica,Halloween,0.75,4.29,20441975,Hrana,0.75
Fini umaci za tjesteninu SK1,0088272,0.35,350g,Staklo,Deluxe,1.69,4.83,20448714,Hrana,1.69
Šampon protiv prhuti SK10,0088436,0.3,300ml,PET-Boca,Cien,1.29,4.3,20447120,Kozmetika,1.29
Šampon protiv prhuti SK10,0088436,0.3,300ml,PET-Boca,Cien,1.29,4.3,4056489235767,Kozmetika,1.29
Šampon protiv prhuti SK10,0088436,0.3,300ml,PET-Boca,Cien,1.29,4.3,4056489235774,Kozmetika,1.29
Šampon protiv prhuti SK10,0088436,0.3,300ml,PET-Boca,Cien,1.29,4.3,4056489754077,Kozmetika,1.29
Predpeèeni pileæi medaljoni SK1,0088502,0.35,350g,Kart. na prekl.,Vitasia,3.89,11.11,20437237,Hrana,3.79
Pommes Frites valoviti,0088539,1,1kg,Vrecica,Harvest Basket,2.89,2.89,20537791,Hrana,2.89
Srdele u sunc. ulju s lim. (OM 90g),0089718,0.125,125g,Limenka,Nixe,0.99,11,20440855,Hrana,0.99
Rukavice za jednokratnu uporabu SK3,0089720,0.523,100komad,Box,W5,5.99,0.06,20454159,Proizvodi za kuæanstvo,5.99
Gel za tuširanje 3u1 SK16,0091976,0.309,300ml,PET-Boca,Cien,1.05,3.5,4056489688129,Kozmetika,1.05
Šampon za kosu Professional SK1,0092853,0.267,250ml,PET-Boca,Cien,2.19,8.76,20778347,Kozmetika,2.19
Regenerator za kosu SK1 ,0092854,0.2,200ml,Tuba,Cien,2.19,10.95,4056489235088,Kozmetika,2.19
Tajlandska riža od jasmina ,0093239,5,5kg,Vrecica,Vitasia,10.49,2.1,20486440,Hrana,10.49
Kremasti kefir SK4,0094282,0.25,250g,Posudica,Pilos,0.99,3.96,20490607,Hrana,0.99
BO Pivski perec,0095664,0.1,95g,Rasuto,,0.35,0.37,20494438,Hrana,0.35
BO Pivski perec,0095664,0.1,95g,Rasuto,,0.35,0.37,20708030,Hrana,0.35
Pizza Mozzarella,0097153,0.335,335g,Kart. na prekl.,Trattoria Alfredo,2.49,7.43,20516734,Hrana,2.49
Pizza šunka,0097157,0.33,330g,Kart. na prekl.,Trattoria Alfredo,2.69,8.15,4056489443032,Hrana,2.69
Zaèinsko ulje SK7,0097277,0.12,125ml,Boca,Deluxe,1.89,15.12,4056489821953,Hrana,2.39
Wok povræe,0097380,0.545,580ml,Limenka,Vitasia,1.29,2.22,20517090,Hrana,0.99
"Pistacije pržene i slane, cca. 10kg",0097580,1,ca. 10kg,Rasuto,-,11.99,11.99,2109758000000,Hrana,11.99
Hrana za maèke premium SK16,0097851,1.2,12x100g,Kart. na prekl.,Coshida,4.19,3.49,20665654,Proizvodi za kuæanstvo,4.19
Parmigiano Reggiano SK1,0098191,0.1,100g,Vrecica,Italiamo,2.29,22.9,20037253,Hrana,2.29
Sushi SK7,0098479,0.195,"190g,200g",Pakovanje,Chef Select to go,3.79,19.95,20917241,Hrana,3.79
Sushi SK7,0098479,0.195,"190g,200g",Pakovanje,Chef Select to go,3.79,18.95,20917241,Hrana,3.79
Sushi SK7,0098479,0.195,"190g,200g",Pakovanje,Chef Select to go,3.79,19.95,20917265,Hrana,3.79
o.b. Tamponi SK1,0099299,0.052,"54komad,64komad",Kart. na prekl.,,4.29,0.08,3574661128672,Proizvodi za kuæanstvo,4.29
o.b. Tamponi SK1,0099299,0.052,"54komad,64komad",Kart. na prekl.,,4.29,0.07,3574661321394,Proizvodi za kuæanstvo,4.29
o.b. Tamponi SK1,0099299,0.052,"54komad,64komad",Kart. na prekl.,,4.29,0.07,3574661322629,Proizvodi za kuæanstvo,4.29
o.b. Tamponi SK1,0099299,0.052,"54komad,64komad",Kart. na prekl.,,4.29,0.07,3574661322636,Proizvodi za kuæanstvo,4.29
o.b. Tamponi SK1,0099299,0.052,"54komad,64komad",Kart. na prekl.,,4.29,0.08,3574661582467,Proizvodi za kuæanstvo,4.29
Višekratna vreæica,0099430,0.175,1komad,Nepakirano,-,1.19,1.19,4052917401124,Proizvodi za kuæanstvo,1.19
Kiseli krastavci narezani,0105014,0.67,720ml,Staklo,MCENNEDY,1.49,3.73,4056489157045,Hrana,1.49
Sladoled Creme Brulée,0105223,0.49,850ml,Plitica,Duc de Coeur,2.89,3.4,20582586,Hrana,2.89
Javorov sirup,0106210,0.25,250ml,Boca,MCENNEDY,3.99,15.96,4056489774747,Hrana,3.99
Fondant masa SK1,0106499,0.25,250g,Pakovanje,Belbake,1.49,5.96,20601607,Hrana,1.49
Fondant masa SK1,0106499,0.25,250g,Pakovanje,Belbake,1.49,5.96,20601614,Hrana,1.49
Milkshake SK4,0108408,0.243,230ml,Posudica,MCENNEDY,0.99,4.3,20997977,Hrana,0.99
Milkshake SK4,0108408,0.243,230ml,Posudica,MCENNEDY,0.99,4.3,20997991,Hrana,0.99
Premium Sol u mlincu SK11,0108674,0.153,"180g,70g",Staklo,Deluxe,3.89,21.61,4056489877400,Hrana,3.89
Pohani sir SK1,0110739,0.25,250g,Kart. na prekl.,Alpenfest,3.29,13.16,4056489130567,Hrana,3.29
Maskara SK5,0112001,0.014,10ml,Pakovanje,Cien,2.25,2.25,4056489620020,Kozmetika,2.25
Kompot od breskve,0112518,0.82,850ml,Limenka,Freshona,2.29,4.77,20622374,Hrana,2.29
Maslac za usne SK10,0112665,0.008,"3,3ml",Pakovanje,Cien,2.49,2.49,20009632,Kozmetika,2.49
Maslac za usne SK10,0112665,0.008,"3,3ml",Pakovanje,Cien,2.49,2.49,20955083,Kozmetika,2.49
Vreæe za smeæe (Rose) 10l [8µ],0113106,0.105,40komad,Traka,Purio,0.59,0.01,20649548,Proizvodi za kuæanstvo,0.59
MSC Panirana aljaška kolja,0114664,0.28,280g,Pakovanje,,4.29,15.32,20689506,Hrana,4.29
MSC Tuna  Steak (Yellowfin),0115093,0.25,250g,Kart. na prekl.,Grillmeister,5.59,22.36,20692186,Hrana,5.59
MSC Tuna  Steak (Yellowfin),0115093,0.25,250g,Kart. na prekl.,Grillmeister,5.59,22.36,4056489346050,Hrana,5.59
Sirni namaz SK27,0115249,0.11,"100g,125g",Pakovanje,Alpenfest,1.89,15.12,20462369,Hrana,1.79
Sirni namaz SK27,0115249,0.11,"100g,125g",Pakovanje,Alpenfest,1.89,15.12,20476939,Hrana,1.79
Sir narezak SK4,0115279,0.175,175g,Pakovanje,Alpenfest,2.39,13.66,20696405,Hrana,2.39
Milka Torta lješnjak,0116127,0.4,400g,Pakovanje,,5.49,13.73,7312930010145,Hrana,5.49
ASC Dimljena pastrva SK1,0116232,0.125,125g,Pakovanje,Nautica,2.99,23.92,20625146,Hrana,2.99
Lak za nokte SK1,0116872,0.011,11ml,Boca,Cien,1.45,1.45,20657031,Kozmetika,1.45
Lak za nokte SK1,0116872,0.011,11ml,Boca,Cien,1.45,1.45,20916312,Kozmetika,1.45
Sjenilo za oèi SK1,0116878,0.003,3g,Pakovanje,Cien,1.58,1.58,20657093,Kozmetika,1.58
Sjenilo za oèi SK1,0116878,0.003,3g,Pakovanje,Cien,1.58,1.58,20657109,Kozmetika,1.58
Mini mozzarella  XXL,0117143,0.15,150g,Posudica,Milbona,1.39,9.27,20816490,Hrana,1.39
Sir Brie XXL,0117425,0.25,250g,Pakovanje,Milbona,2.25,9,4056489626848,Hrana,2.25
Svježi deserti na francuski SK1,0118149,0.45,450g,Pakovanje,Duc de Coeur,3.59,7.98,20707248,Hrana,3.59
Bio ulje maslinovo eks. djev. ,0118801,0.41,500ml,Boca,Primadonna,6.49,12.98,4056489095897,Hrana,6.49
Amidala,0118806,0.15,150g,Kart. na prekl.,J.D. Gross,2.99,19.93,20707361,Hrana,2.99
Vruæa èokolada na štapiæu SK2,0118894,0.06,60g,Pakovanje,Deluxe,1.59,26.5,20725327,Hrana,1.59
Turska gotova jela SK6,0119102,0.461,"275g,540g",Kart. na prekl.,1001 delights,3.29,6.09,20793203,Hrana,3.29
Bulgur Salata SK5,0119137,0.213,"200g,250g",Plitica,Chef Select,1.79,7.16,20757847,Hrana,1.79
Bulgur Salata SK5,0119137,0.213,"200g,250g",Plitica,Chef Select,1.79,8.95,20757854,Hrana,1.79
Bulgur Salata SK5,0119137,0.213,"200g,250g",Plitica,Chef Select,1.79,7.16,20757854,Hrana,1.79
Orijentalni zaèini SK1,0119146,0.074,"60g,65g,75g,80g,85g",Vrecica,1001 delights,1.19,1.83,20840020,Hrana,1.19
Orijentalni zaèini SK1,0119146,0.074,"60g,65g,75g,80g,85g",Vrecica,1001 delights,1.19,1.49,20840020,Hrana,1.19
Orijentalni zaèini SK1,0119146,0.074,"60g,65g,75g,80g,85g",Vrecica,1001 delights,1.19,1.98,20840037,Hrana,1.19
Orijentalni zaèini SK1,0119146,0.074,"60g,65g,75g,80g,85g",Vrecica,1001 delights,1.19,1.98,20840068,Hrana,1.19
Orijentalni zaèini SK1,0119146,0.074,"60g,65g,75g,80g,85g",Vrecica,1001 delights,1.19,1.83,20840068,Hrana,1.19
Orijentalni zaèini SK1,0119146,0.074,"60g,65g,75g,80g,85g",Vrecica,1001 delights,1.19,1.4,4056489936565,Hrana,1.19
Orijentalni zaèini SK1,0119146,0.074,"60g,65g,75g,80g,85g",Vrecica,1001 delights,1.19,1.83,4056489936572,Hrana,1.19
Orijentalni zaèini SK1,0119146,0.074,"60g,65g,75g,80g,85g",Vrecica,1001 delights,1.19,1.59,4056489936572,Hrana,1.19
Olovka za oèi / obrve SK2 ,0119367,0.002,1komad,Pakovanje,Cien,1.49,1.49,20009939,Kozmetika,1.49
Olovka za oèi / obrve SK2 ,0119367,0.002,1komad,Pakovanje,Cien,1.49,1.49,40891378,Kozmetika,1.49
Bio mahunarke SK3,0119562,0.5,500g,Samost.vreca,Golden Sun,1.99,3.98,20943646,Hrana,1.99
Zeleni èaj UTZ SK21,0119798,0.044,"25x1,75g",Kart. na prekl.,Lord Nelson,1.29,1.29,20769536,Piæe,1.29
Zeleni èaj UTZ SK21,0119798,0.044,"25x1,75g",Kart. na prekl.,Lord Nelson,1.29,1.29,4056489431299,Piæe,1.29
Limun/Èokol. desert SK2,0122380,0.475,"450g,500g",Pakovanje,Deluxe,3.79,8.42,20553036,Hrana,3.79
Limun/Èokol. desert SK2,0122380,0.475,"450g,500g",Pakovanje,Deluxe,3.79,7.58,20553036,Hrana,3.79
Sangria,0122657,1.5,"1,5l",PET-Boca,-,1.49,0.99,4056489654582,Piæe,1.49
Tekuæi jogurt  SK8,0122949,0.85,850g,PET-Boca,Milbona,1.89,2.22,20817404,Hrana,1.89
Riblji štapiæi bez glutena,0123307,0.3,300g,Kart. na prekl.,Ocean Sea,3.99,13.3,20828738,Hrana,3.99
Energy Drink Classic,0123681,0.52,"0,5l",Limenka,Colossus,1.09,2.18,4304493263611,Piæe,1.09
Kokosovo mlijeko SK1,0124068,0.4,425ml,Limenka,Freshona,1.59,3.74,20561338,Hrana,1.59
Krokant SK1,0124350,0.1,100g,Kart. na prekl.,Belbake,0.99,9.9,20840143,Hrana,0.99
Krokant SK1,0124350,0.1,100g,Kart. na prekl.,Belbake,0.99,9.9,20840150,Hrana,0.99
Riblji filet Gourmet SK3,0124486,0.25,250g,Kart. na prekl.,Ocean Sea,2.69,10.76,20852375,Hrana,2.69
"Seljaèka šunka, dimljena SK10",0127892,0.08,80g,Atmos-Pakiranje,Dulano,1.79,22.38,20908393,Hrana,1.59
Krema za ruke Tradition SK5,0128286,0.03,30ml,Tuba,Cien,1.29,1.29,20903176,Kozmetika,1.29
Krema za ruke Tradition SK5,0128286,0.03,30ml,Tuba,Cien,1.29,1.29,4335619069329,Kozmetika,1.29
Glossy Gel Lak za nokte SK18,0128299,0.011,11ml,Boca,Cien Beauty,1.15,1.15,4056489754831,Kozmetika,1.15
Glossy Gel Lak za nokte SK18,0128299,0.011,11ml,Boca,Cien Beauty,1.15,1.15,4335619073562,Kozmetika,1.15
Debreciner kobasice SK3,0128388,0.28,280g,Atmos-Pakiranje,Alpenfest,2.99,10.68,4056489864240,Hrana,2.99
"Mesne okruglice na grèki naèin, SK1",0128492,0.28,280g,Atmos-Pakiranje,Eridanous,2.39,8.54,20907778,Hrana,2.39
Meki kravlji sir XXL,0128665,0.4,400g,Vakumir. pakov.,Milbona,3.19,7.98,20918972,Hrana,3.19
Grandioso puding SK7,0128681,0.175,175g,Posudica,Milbona,0.69,3.94,4056489656197,Hrana,0.69
Grandioso puding SK7,0128681,0.175,175g,Posudica,Milbona,0.69,3.94,4056489665212,Hrana,0.69
Desert od crvenog voæa,0129004,0.5,500g,Posudica,Alpenfest,2.29,4.58,20181284,Hrana,2.29
Veganska pizza SK1,0129141,0.37,"350g,390g",Kart. na prekl.,Vemondo,1.59,4.54,20864842,Hrana,1.59
Veganska pizza SK1,0129141,0.37,"350g,390g",Kart. na prekl.,Vemondo,1.59,4.54,4056489451044,Hrana,1.59
"Tamna èok. naranèa, badem",0129153,0.125,125g,Tabla,J.D. Gross,2.99,23.92,20936600,Hrana,2.99
Papirnati tanjuri,0131406,0.156,20komad,Pakovanje,Grillmeister,1.79,0.09,4335619040618,Proizvodi za kuæanstvo,1.79
Korektor laka za nokte u stiku,0131589,0.004,1komad,Pakovanje,Cien Beauty,1.59,1.59,20987978,Kozmetika,1.59
Vreæice za zamrzavanje [50µ] SK2,0131735,0.127,"15komad,20komad",Pakovanje,Aromata,1.85,0.12,20991326,Proizvodi za kuæanstvo,1.85
Cheeseburger SK9,0131898,0.32,320g,Atmos-Pakiranje,Chef Select,2.89,9.03,20995317,Hrana,2.89
Bio voæna kašica sa žitaricama,0131986,0.19,190g,Staklo,Lupilu,0.97,5.11,20995850,Hrana,0.97
Gumeni bomboni kisela Cola,0132068,0.3,300g,Vrecica,Sweet Corner,1.61,5.37,20490805,Hrana,1.79
Djeèji gel za zube SK3,0132312,0.133,100ml,Tuba,Dentalux,0.89,8.9,4056489708513,Kozmetika,0.89
Sol za posipanje,0132497,10,10kg,Kanta,,3.32,3.32,4001475752100,Proizvodi za kuæanstvo,3.32
Risotto SK2,0132819,0.175,175g,Kart. na prekl.,Italiamo,1.89,10.8,40877457,Hrana,1.89
Hairvital Šampon za kosu SK5,0133026,0.309,300ml,PET-Boca,Cien,1.29,4.3,20978426,Kozmetika,1.29
Pulled Pork,0135249,0.55,550g,Kart. na prekl.,MCENNEDY,5.89,10.71,20017088,Hrana,5.89
Trgana piletina SK6,0135276,0.55,550g,Kart. na prekl.,Vitasia,5.99,10.89,4056489904779,Hrana,5.1
Pacifièke kozice u umaku SK12,0135387,0.1,100g,Sortirano,Vitasia,2.69,26.9,20134259,Hrana,2.69
Punjeni voæni bomboni SK1,0135488,0.3,300g,Vrecica,Sweet Corner,1.79,5.97,20230456,Hrana,1.79
Punjeni voæni bomboni SK1,0135488,0.3,300g,Vrecica,Sweet Corner,1.79,5.97,20669317,Hrana,1.79
Kozice u umaku SK1,0135828,0.3,300g,Kart. na prekl.,Vitasia,4.49,14.97,20046583,Hrana,3.99
Zaèinski mlinac SK64,0135864,0.035,35g,Staklo,Kania,1.99,1.99,20046859,Hrana,1.99
Sladoled Tricolore,0135953,1.25,2500ml,Plitica,Bon Gelati,4.15,1.66,20058739,Hrana,4.15
Tekuæi det. za pr. rublja SK1 27pr.,0136086,1.53,"1,485l",PET-Boca,Formil,3.85,0.14,4056489186618,Sredstva za èišæenje,3.85
Nektar od nara,0136196,1.05,1l,Pakovanje,1001 delights,1.39,1.39,20065911,Piæe,1.39
Prirodni šampon za  kosu SK1,0136845,0.3,300ml,PET-Boca,Cien,1.79,5.97,4056489254744,Kozmetika,1.79
Craft pivo SK1,0137230,0.5,"0,5l",Limenka,-,1.39,2.78,4054500440923,Piæe,1.29
Baby pelene gaæice Junior,0139323,0.68,20komad,Pakovanje,Lupilu,4.75,0.24,20182922,Proizvodi za kuæanstvo,4.75
Zeleni èaj RFA SK1,0140030,0.044,"25x1,75g",Kart. na prekl.,Vitasia,1.09,1.09,4056489009832,Piæe,0.99
Zeleni èaj RFA SK1,0140030,0.044,"25x1,75g",Kart. na prekl.,Vitasia,1.09,1.09,4056489009849,Piæe,0.99
Zeleni èaj RFA SK1,0140030,0.044,"25x1,75g",Kart. na prekl.,Vitasia,1.09,1.09,4056489009856,Piæe,0.99
Kakao s vitaminima RFA,0140050,0.8,800g,Limenka,Goody Cao,4.99,6.24,20083786,Piæe,4.99
Svježi sir SK16,0140323,0.3,300g,Posudica,Milbona,1.99,6.63,4334035442242,Hrana,1.99
Mlj. èok. s raznim punjenjem SK1,0144007,0.299,"295g,300g",Tabla,Fin Carré,4.49,14.97,4056489030010,Hrana,4.49
Mlj. èok. s raznim punjenjem SK1,0144007,0.299,"295g,300g",Tabla,Fin Carré,4.49,14.97,4056489030027,Hrana,4.49
Mini mix sladoled XXL,0144565,0.576,16x50ml,Kart. na prekl.,Bon Gelati,6.39,7.99,4056489375159,Hrana,6.39
Termo plastièna vreæica,0144604,0.101,1komad,Nepakirano,-,1.06,1.06,4056489033684,Proizvodi za kuæanstvo,1.06
Södergarden miješani namaz,0145928,0.25,250g,Posudica,Milbona,2.99,11.96,4056489096481,Hrana,2.99
Picco Pizzi SK12,0146099,0.36,360g,Kart. na prekl.,Trattoria Alfredo,3.99,11.08,40891460,Hrana,3.99
Feta sir sazrij. u baèvi,0148273,0.4,400g,Box,Eridanous,5.49,13.73,4056489150572,Hrana,5.39
Apotheker Alkoholna piæa 40% SK1,0149611,0.485,"0,5l",Boca,,7.99,15.98,4056489186762,Piæe,6.29
Apotheker Alkoholna piæa 40% SK1,0149611,0.485,"0,5l",Boca,,7.99,15.98,4304493264984,Piæe,6.29
Apotheker Alkoholna piæa 40% SK1,0149611,0.485,"0,5l",Boca,,7.99,15.98,4304493267220,Piæe,6.29
Mojito 20%,0149871,0.73,"0,7l",Boca,,4.99,7.13,4304493267930,Piæe,3.49
Kapsule Gold Lungo,0149952,0.255,"255,2g",Kart. na prekl.,Bellarom,7.49,29.35,4056489122890,Piæe,7.49
Amerièki desert SK1,0150211,0.165,"2x80g,2x85g",Pakovanje,MCENNEDY,1.79,10.53,4056489201779,Hrana,1.79
Kava mljevena SK3,0150278,0.25,250g,Vrecica,Bellarom,3.29,13.16,4056489639145,Piæe,3.29
Premium suha hrana za maèke SK6,0150382,0.8,800g,Vrecica,Coshida Selection,2.79,3.49,4056489326434,Proizvodi za kuæanstvo,2.79
Veg. pljeskav. za Burger,0150574,0.227,227g,Kart. na prekl.,Vemondo,2.99,13.17,4056489208136,Hrana,2.99
Dezodorans SK17,0150789,0.052,50ml,PET-Boca,Cien,1.05,21,4056489425199,Kozmetika,1.05
High protein jogurt SK4,0150828,0.2,200g,Posudica,Milbona,0.99,4.95,4056489258353,Hrana,0.99
High protein jogurt SK4,0150828,0.2,200g,Posudica,Milbona,0.99,4.95,4056489258360,Hrana,0.99
Protein Quark SK1,0150835,0.2,200g,Posudica,Pilos,1.29,6.45,4056489216223,Hrana,1.29
Rolica s cimetom ,0151231,0.6,600g,Kart. na prekl.,Chef Select,2.69,4.48,4056489224426,Hrana,2.69
"Tek. deterdž., konc., 28pranja SK5 ",0151372,1.036,1l,PET-Boca,Formil,3.99,0.14,4056489441779,Sredstva za èišæenje,3.99
"Tek. deterdž., konc., 28pranja SK5 ",0151372,1.036,1l,PET-Boca,Formil,3.99,3.99,4056489441786,Sredstva za èišæenje,3.99
Deterdžent za pr. oboj. rublja 50pr,0151387,3.75,"3,75kg",Pakovanje,Maxitrat,5.69,1.52,4056489225416,Sredstva za èišæenje,5.69
Deterdžent za pr. oboj. rublja 50pr,0151387,3.75,"3,75kg",Pakovanje,Maxitrat,5.69,1.52,4056489940326,Sredstva za èišæenje,5.69
Cheesecake slana karamela,0154525,0.475,475g,Kart. na prekl.,MCENNEDY,3.19,6.72,4056489236269,Hrana,3.19
Tuna u masl. ulju Yellowfin (3x52g),0154825,0.21,3x70g,Limenka,Nixe,2.99,19.17,4056489294832,Hrana,2.99
Baby vlažne maramice 99% vode,0154970,0.37,60komad,Pakovanje,Lupilu,1.29,0.02,4056489295624,Proizvodi za kuæanstvo,1.29
Bio Müsli SK13,0155017,0.5,500g,Kart. na prekl.,Crownfield,4.29,8.58,4056489300786,Hrana,4.29
Spužva za pranje posuða SK3,0155075,0.056,6komad,Traka,W5,0.75,0.13,4056489299097,Proizvodi za kuæanstvo,0.75
Spužva za pranje posuða SK3,0155075,0.056,6komad,Traka,W5,0.75,0.13,4335619031739,Proizvodi za kuæanstvo,0.75
Keksi u obliku životinja SK2,0155798,0.125,125g,Vrecica,Sondey,1.49,11.92,4056489406884,Hrana,1.49
Keksi u obliku životinja SK2,0155798,0.125,125g,Vrecica,Sondey,1.49,11.92,4056489487234,Hrana,1.49
Praline SK2,0156123,0.14,140g,Pakovanje,J.D. Gross,3.99,28.5,4056489600985,Hrana,3.99
Deterdžent za posuðe SK2,0156211,2.04,2l,Vrecica,W5,2.69,2.69,4056489600534,Sredstva za èišæenje,2.69
Èips SK3,0156667,0.125,125g,Vrecica,Italiamo,1.2,9.6,4056489421252,Hrana,1.2
Sredstvo za èišæenje sa spužvom SK1,0156905,0.425,"300g,400g,500g",Limenka,W5,2.39,0.6,4056489322832,Sredstva za èišæenje,2.39
Sredstvo za èišæenje sa spužvom SK1,0156905,0.425,"300g,400g,500g",Limenka,W5,2.39,0.48,4056489322856,Sredstva za èišæenje,2.39
High Protein Pizza SK3,0156963,0.264,"254g,274g",Kart. na prekl.,Trattoria Alfredo,3.99,15.71,4056489539780,Hrana,3.99
Cookie Dough SK3,0157167,0.06,60g,Posudica,MCENNEDY,0.93,15.5,4056489406303,Hrana,0.93
Osvježivaè za hladnjak,0157292,0.04,40g,Blister,W5,1.29,32.25,4056489849797,Sredstva za èišæenje,1.29
Nature Vodica za ispiranje usta ,0157435,0.515,500ml,PET-Boca,Dentalux,2.35,4.7,4056489329831,Kozmetika,2.35
Tekuæi osvježivaè zraka SK1,0157563,0.019,2x4ml,Blister,W5,1.39,173.75,4056489330660,Sredstva za èišæenje,1.39
Nature Deo Roll-on SK1  ,0158145,0.059,"50ml,75ml",Pakovanje,Cien Nature,2.25,45,4056489329848,Kozmetika,2.25
Nature Deo Roll-on SK1  ,0158145,0.059,"50ml,75ml",Pakovanje,Cien Nature,2.25,30,4056489329855,Kozmetika,2.25
Nature Gel za tuširanje SK1,0158147,0.26,250ml,PET-Boca,Cien Nature,1.79,7.16,4056489329732,Kozmetika,1.79
Rooibos èaj SK16,0162423,0.05,25x2g,Kart. na prekl.,Lord Nelson,1.29,25.8,20165260,Piæe,1.29
Napitak ružièaste guave 25%,0162466,1.04,1l,Pakovanje,El Tequito,1.89,1.89,4056489439660,Piæe,1.89
Flying Goose Chilli umak SK2,0162583,0.455,455ml,PET-Boca,,4.49,9.87,8853662056289,Hrana,4.49
Flying Goose Chilli umak SK2,0162583,0.455,455ml,PET-Boca,,4.49,9.87,8853662056333,Hrana,4.49
Veganski pesto umak SK1,0162808,0.19,190g,Staklo,Vemondo,1.59,8.37,4056489441304,Hrana,1.59
Sicilijanski pesto od pistacije,0162809,0.19,190g,Staklo,Italiamo,2.69,14.16,4056489441311,Hrana,2.69
Snack masline SK2,0162822,0.15,150g,Vrecica,Baresa,1.99,13.27,4056489345657,Hrana,1.99
Men Peterostruka brit. X5+2 nadop.,0163336,0.047,1komad,Kart. na prekl.,Cien,4.99,4.99,4056489450290,Kozmetika,4.99
TK Falafel SK1 ,0163501,0.3,300g,Kart. na prekl.,Vemondo,2.59,8.63,4056489451761,Hrana,2.59
TK Falafel SK1 ,0163501,0.3,300g,Kart. na prekl.,Vemondo,2.59,8.63,4056489451778,Hrana,2.59
Kotanyi Secrets SK1,0163567,0.034,"20g,25g,30g,35g,38g,40g",Vrecica,,0.79,0.79,9001414035504,Hrana,0.79
Grèki namaz SK1,0163776,0.125,125g,Pakovanje,Eridanous,1.99,15.92,4056489453048,Hrana,1.99
Gotova jela za tavu,0163876,0.75,750g,Vrecica,Sol&Mar,3.89,5.19,4052917759386,Hrana,3.89
Kompletna hrana za maèke SK20,0164210,0.415,415g,Limenka,Coshida,0.89,2.14,4056489142324,Proizvodi za kuæanstvo,0.89
Kompletna hrana za maèke SK20,0164210,0.415,415g,Limenka,Coshida,0.89,2.14,4056489455653,Proizvodi za kuæanstvo,0.89
Veganska gotova jela SK6,0164813,0.6,600g,Vrecica,Vemondo,3.79,6.32,20934149,Hrana,3.79
Aparat za brijanje,0377187,0.274,1ST,Pakovanje,Silvercrest Personal Care,9.9,9.9,4054601028464,Kozmetika,9.9
Kozmetièko ogledalo s rasvjetom,0377406,0.667,1ST,Pakovanje,Livarno Home,6.6,6.6,4055329053967,Kozmetika,6.6
Bo Klipiæ s nugatom,5003318,0.086,86g,Rasuto,,0.89,10.35,20751548,Hrana,0.89
Germ knedle SK3,5003458,0.56,560g,Kart. na prekl.,Alpenfest,2.99,5.34,20751999,Hrana,2.99
Cabanossi kobasica SK2,5004039,0.09,90g,Atmos-Pakiranje,Alpenfest,1.49,16.56,20984311,Hrana,1.39
Cabanossi kobasica SK2,5004039,0.09,90g,Atmos-Pakiranje,Alpenfest,1.49,16.56,20984335,Hrana,1.39
"Kefir 1,5% masti s voænim sokom SK1",5011937,0.6,6x100g,Kart. na prekl.,Milbona,1.99,3.32,4335619038080,Hrana,1.99
Sir Cheddar Mature XXL,5200583,1,1000g,Pakovanje,Milbona,11.99,11.99,20447052,Hrana,11.99
Britanski Cheddar sir SK3,5200784,0.25,250g,Pakovanje,Deluxe,3.29,13.16,20575427,Hrana,3.29
"Voæni jogurt 2,8% s dražejama SK1",5502699,0.135,135g,Posudica,Pilos,0.65,4.81,20159429,Hrana,0.65
Carski sir u listiæima SK1,5502819,0.15,150g,Atmos-Posudica,Pilos,1.79,11.93,20980573,Hrana,1.79
Umak od soje,5503058,0.205,170ml,PET-Boca,Kania,0.89,5.24,20095765,Hrana,0.89
Topljeni sir rolice SK1,5503088,0.1,100g,Pakovanje,Pilos,0.59,5.9,20394165,Hrana,0.79
Topljeni sir rolice SK1,5503088,0.1,100g,Pakovanje,Pilos,0.59,5.9,20394172,Hrana,0.79
Svježi sir,5503756,0.2,200g,Posudica,,0.99,4.95,5900531000010,Hrana,0.99
Mini salame XXL SK1,5505447,0.15,150g,Atmos-Pakiranje,Pikok,1.69,11.27,20762681,Hrana,1.69
Slani štapiæi bez glutena,5506069,0.095,95g,Kutija,free from,1.85,19.47,20818678,Hrana,1.85
Kruh bez glutena SK1,5506073,0.25,250g,Vrecica,Tastino,1.99,7.96,20818692,Hrana,1.99
Osvježivaè zraka SK4,5507867,0.425,425g,PET-Boca,W5,1.69,3.98,4335619188969,Sredstva za èišæenje,1.69
Osvježivaè zraka SK4,5507867,0.425,425g,PET-Boca,W5,1.69,3.98,4335619188983,Sredstva za èišæenje,1.69
Tekuæi sapun SK2,5514468,0.52,500ml,PET-Boca,Cien,0.89,1.78,20982782,Kozmetika,0.89
Tekuæi sapun SK2,5514468,0.52,500ml,PET-Boca,Cien,0.89,1.78,4056489622482,Kozmetika,0.89
Tekuæi sapun SK2,5514468,0.52,500ml,PET-Boca,Cien,0.89,1.78,4056489622505,Kozmetika,0.89
"Šam., gel i kupka 3u1 SK6",5516395,0.515,500ml,PET-Boca,Cien,1.69,3.38,20014322,Kozmetika,1.69
"Šam., gel i kupka 3u1 SK6",5516395,0.515,500ml,PET-Boca,Cien,1.69,3.38,4335619008311,Kozmetika,1.69
"Šam., gel i kupka 3u1 SK6",5516395,0.515,500ml,PET-Boca,Cien,1.69,3.38,4335619008397,Kozmetika,1.69
Vlažne maramice za èišæenje SK3,5516867,0.439,"50komad,60komad",Pakovanje,W5,1.49,0.02,20063313,Proizvodi za kuæanstvo,1.49
Vlažne maramice za èišæenje SK3,5516867,0.439,"50komad,60komad",Pakovanje,W5,1.49,0.03,20063320,Proizvodi za kuæanstvo,1.49
Vlažne maramice za èišæenje SK3,5516867,0.439,"50komad,60komad",Pakovanje,W5,1.49,0.02,20063320,Proizvodi za kuæanstvo,1.49
Vlažne maramice za èišæenje SK3,5516867,0.439,"50komad,60komad",Pakovanje,W5,1.49,0.02,4056489261278,Proizvodi za kuæanstvo,1.49
Kobasica za pse SK5,5517676,1,1000g,Vakumir. pakov.,Orlando,1.49,1.49,20146511,Proizvodi za kuæanstvo,1.49
Klasièni pileæi kabanos,5519610,0.4,400g,Atmos-Pakiranje,Kuljanka,2.99,7.48,20149307,Hrana,2.99
Hopa Cao napitak s kakaom,5522160,0.5,500g,Vrecica,Bellarom,2.49,4.98,4056489060314,Piæe,2.49
Sapun iz Provanse SK10,5603194,0.1,100g,Pakovanje,Duc de Coeur,0.79,7.9,3511720115174,Kozmetika,0.79
Dimljena kobasica s èešnjakom,5604299,0.3,300g,Vakumir. pakov.,Spécialités françaises,1.99,6.63,4056489971597,Hrana,1.99
Sapuni iz Provanse SK7,5615510,0.1,100g,Pakovanje,Duc de Coeur,0.79,7.9,4335619018433,Kozmetika,0.79
Francuska salama,5615907,0.3,300g,Pakovanje,French Style,4.29,14.3,4056489676539,Hrana,4.29
"Salama Salchichón, narezana",5700180,0.2,2x100g,Atmos-Posudica,Sol&Mar,2.49,12.45,20073114,Hrana,2.49
Masline bez koštica SK1,5700192,0.34,370ml,Staklo,Baresa,1.39,8.18,20443382,Hrana,1.39
Krem jogurt SK6,5700343,0.135,135g,Staklo,Sol&Mar,0.99,7.33,20705497,Hrana,0.99
Maria Orginal XXL (suncokret. ulje),5712066,1,5x200g,Pakovanje,Sondey,2.99,2.99,4056489746980,Hrana,2.99
Fileti tune Ventresca SK2,5713976,0.11,110g,Vakumir. pakov.,Deluxe,3.89,35.36,4056489511533,Hrana,3.89
"San Miguel pivo 5,4% Vol.",5714917,0.5,50cl,Limenka,,1.39,2.78,8410655003820,Piæe,1.39
Parfem Agua Marina,5715010,0.085,100ml,Boca,Suddenly,5.99,59.9,4056489575313,Kozmetika,5.99
Parfem Elegance,5715016,0.085,100ml,Boca,Suddenly,5.99,59.9,4056489575344,Kozmetika,5.99
BIO Wellness èaj SK8,5716102,0.024,12x2g,Karton,Lord Nelson,2.39,99.58,20189112,Piæe,2.99
Mirisni štapiæi za prostor SK11,5717281,0.046,50ml,Boca,W5,1.69,33.8,4056489690269,Sredstva za èišæenje,1.69
Punjene masline SK1,5717443,0.41,"410ml, 425ml",Limenka,Sol&Mar,1.79,4.21,20033361,Hrana,1.79
Gin &Tonic SK1,5720353,0.25,250ml,Limenka,Gin Nostrum,1.79,7.16,4335619109193,Piæe,1.79
Snack Fuet /Chorizo SK3,5720496,0.05,50g,Vrecica,Sol&Mar,1.39,27.8,4056489171270,Hrana,1.39
Kocke za juhu SK2,5720527,0.72,720g,Box,Kania,4.39,6.1,4056489688938,Hrana,4.39
Serum za kosu,5720595,0.1,100ml,Dozator,Cien,3.49,34.9,4335619108004,Kozmetika,3.49
Španjolski kolaè SK1,5720673,0.3,300g,Blister,Sol&Mar,3.19,10.63,4335619108288,Hrana,3.19
Piri-piri umak,5900017,0.195,195ml,PET-Boca,Sol&Mar,1.39,7.13,20026752,Hrana,1.39
BO Croissant Brioche,5902901,0.1,100g,Rasuto,,1.19,11.9,20765255,Hrana,1.19
Umak sa školjkama SK1,6000049,0.35,350g,Pakovanje,Italiamo,2.99,8.54,4056489042259,Hrana,2.99
Svježe punjena tjestenina SK6,6000209,0.25,250g,Atmos-Posudica,Chef Select,1.49,5.96,20284404,Hrana,1.49
Svježe punjena tjestenina SK6,6000209,0.25,250g,Atmos-Posudica,Chef Select,1.49,5.96,20284527,Hrana,1.49
"Napolitanke s lješnjakom, RFA",6000266,0.175,175g,Pakovanje,Sondey,0.99,5.66,20046088,Hrana,0.99
Pesto SK1,6000271,0.18,180g,Staklo,Italiamo,1.39,7.72,20469894,Hrana,1.39
Biskvit s mlijeènim punjenjem,6000307,0.112,4x28g,Pakovanje,Milbona,1.35,12.05,20385668,Hrana,1.35
"Provoletta sir, narezak SK1",6000426,0.14,140g,Atmos-Posudica,Italiamo,1.89,13.5,20407995,Hrana,1.89
Burrata meki sir,6000486,0.2,200g,Plitica,Italiamo,2.69,13.45,20499617,Hrana,2.69
Pappardelle s gljivama i tartufom,6000657,0.25,250g,Atmos-Posudica,Deluxe,1.89,7.56,20570231,Hrana,1.89
Pileæe i pureæe hrenovke sa sirom,6000723,0.15,150g,Vakumir. pakov.,Pikok,0.89,5.93,20431648,Hrana,0.89
Prosciutto di Parma,6000752,0.09,90g,Atmos-Pakiranje,Deluxe,3.19,35.44,20045210,Hrana,3.19
Bio napitak od badema,6008600,1.01,1l,Pakovanje,Vemondo,1.99,1.99,4056489041313,Hrana,1.99
Soufflé bijela èokolada SK2,6008861,0.2,2x100g,Pakovanje,Deluxe,2.42,12.1,20570194,Hrana,2.42
Džem od sicilijanskog voæa SK1,6009284,0.36,360g,Staklo,Italiamo,2.99,8.31,4056489098881,Hrana,2.99
Depilacijske trake SK4,6009602,0.057,"16komad,32komad,40komad",Kart. na prekl.,Cien,1.99,0.06,4056489523567,Kozmetika,1.99
BO Croissant punjen kremom,6010305,0.084,84g,Rasuto,,0.59,7.02,8003269025717,Hrana,0.59
Burrata,6010320,0.125,125g,Plitica,Milbona,2.29,18.32,4056489163534,Hrana,2.29
Svježa tjestenina SK45,6010761,0.25,250g,Atmos-Posudica,Chef Select,1.39,5.56,20302832,Hrana,1.39
Lasagne,6012746,0.5,500g,Kart. na prekl.,Italiamo,1.59,3.18,8009940031404,Hrana,1.59
Dim Sum SK2,6014263,0.2,200g,Atmos-Posudica,Vitasia,1.99,9.95,4056489631514,Hrana,1.99
Cannoli s kremom od pistacije,6014398,0.18,180g,Kart. na prekl.,Italiamo,3.99,22.17,4056489632191,Hrana,3.99
Šunka,6016825,0.08,80g,Atmos-Pakiranje,Italiamo,3.49,43.63,4056489892014,Hrana,3.49
Suha šunka,6017643,0.09,90g,Atmos-Pakiranje,Deluxe,2.29,25.44,4335619028579,Hrana,2.29
Kroasan s pistacijom,6018492,0.3,300g,Pakovanje,Mister Choc,2.32,7.73,4335619243163,Hrana,Nije_bilo_u_prodaji_02.05.2025
Mješavina salata SK4,6403207,0.185,"170g,200g",Vrecica,Chef Select,1.19,7,20754891,Hrana,1.19
Mješavina salata SK4,6403207,0.185,"170g,200g",Vrecica,Chef Select,1.19,5.95,20755645,Hrana,1.19
Mješavina salata SK4,6403207,0.185,"170g,200g",Vrecica,Chef Select,1.19,5.95,20755652,Hrana,1.19
Mješavina salata SK4,6403207,0.185,"170g,200g",Vrecica,Chef Select,1.19,7,20755669,Hrana,1.19
Mješavina salata SK4,6403207,0.185,"170g,200g",Vrecica,Chef Select,1.19,5.95,20755669,Hrana,1.19
Pecivo s nadjevom od cimeta,6403546,0.07,65g,Rasuto,,0.25,3.85,5999505833686,Hrana,0.25
Voæni prutiæi SK13,6403633,0.15,5x30g,Pakovanje,Alesto,1.99,13.27,20755287,Hrana,1.99
Sendviè SK1,6404760,0.2,"170g,220g",Pakovanje,Chef Select,2.19,9.95,20948733,Hrana,2.19
Sendviè SK1,6404760,0.2,"170g,220g",Pakovanje,Chef Select,2.19,12.88,20948740,Hrana,2.19
Ružmarin,6406203,0.015,15g,Vrecica,Kania,0.39,0.39,20151423,Hrana,0.39
"Pureæi batak, cca. 750g",6406798,1,ca. 750g,Atmos-Pakiranje,-,3.99,3.99,2895890000000,Hrana,3.99
Bitter Lemon,6406961,1.5,"1,5l",PET-Boca,Freeway,1.39,0.93,4056489070917,Piæe,1.39
Bio cvjetni med,6407389,0.25,250g,Staklo,-,3.49,13.96,4056489157724,Hrana,3.49
Alkoholni ocat 9%,6700688,1.012,1l,PET-Boca,-,0.69,0.69,20606787,Hrana,0.79
Miris za auto SK3,6700767,0.007,1komad,Pakovanje,W5,0.79,0.79,20591151,Sredstva za èišæenje,0.79
Topljeni sir kockice 40%,6700796,0.15,150g,Kart. na prekl.,Pilos,1.35,9,20493851,Hrana,1.25
Zobena kaša SK14,6701260,0.065,65g,Vrecica,Crownfield,0.45,6.92,4056489064503,Hrana,0.45
Sredstvo za èišæenje SK1,6702336,1.262,"1,2l",PET-Boca,W5,1.65,1.38,20671815,Sredstva za èišæenje,1.65
Namaz SK12,6704770,0.135,135g,Posudica,Chef Select,1.49,11.04,20536015,Hrana,1.49
Grickalice s okusom luka XXL,6705099,0.3,300g,Vrecica,Snack Day,2.49,8.3,20839383,Hrana,2.49
Hrskavi müsli SK9,6705168,0.35,350g,Kart. na prekl.,Crownfield,2.05,5.86,4056489063773,Hrana,2.05
Zobena kaša s jabukom i cimetom,6706568,0.065,65g,Vrecica,Crownfield,0.45,6.92,20107567,Hrana,0.45
Proteinski vafli SK1,6713127,0.1,100g,Pakovanje,Tastino,0.89,8.9,4056489580515,Hrana,0.89
Pareni polutvrdi sir  SK1,6713797,0.1,100g,Atmos-Pakiranje,Kuljanka,1.49,14.9,20108298,Hrana,1.49
Ploèice s oraš. plodovima i medom,6714526,0.035,35g,Pakovanje,Crownfield,0.49,0.49,4056489582274,Hrana,0.49
Müsli ploèice malina,6714742,0.03,30g,Pakovanje,Crownfield,0.29,0.29,4056489724353,Hrana,0.29
Müsli ploèice banana,6717699,0.03,30g,Pakovanje,Crownfield,0.29,0.29,4335619058750,Hrana,0.29
Dubai èokolada,6812115,0.1,100g,Vrecica,Deluxe,3.99,39.9,4335619052147,Hrana,3.99
Mlijeèni namaz classic,6900311,0.07,70g,Posudica,Pilos,0.49,7,20539887,Hrana,0.55
Kiseli krastavci (OM 1200g),6900314,2.35,2500ml,Staklo,Okusi zavièaja,4.35,3.63,20661533,Hrana,4.35
Edamer sir,6900553,0.5,500g,Pakovanje,Pilos,4.99,9.98,40894447,Hrana,4.99
Buðola,6900635,1,ca. 600g,Vakumir. pakov.,Okusi zavièaja,19.69,19.69,2803028000000,Hrana,19.69
Buðola,6900635,1,ca. 600g,Vakumir. pakov.,Okusi zavièaja,19.69,19.69,2806350000000,Hrana,19.69
Dolcela Puding SK1,6900762,0.156,"4x37g,4x45g",Vrecica,,2.09,14.12,3850104238307,Hrana,2.09
Dezinfekcijske maramice za ruke,6900992,0.085,20komad,Pakovanje,Floralys,0.59,0.03,20660420,Proizvodi za kuæanstvo,0.59
Domaæa svinjska mast,6901404,2.5,"2,5kg",Kanta,Okusi zavièaja,4.89,1.96,20662219,Hrana,4.89
Kokice slane,6901418,0.125,125g,Vrecica,Snack Day,0.79,6.32,20662134,Hrana,0.79
Poklon vreæica,6901425,0.054,1komad,Nepakirano,,1.25,1.25,5948351003804,Proizvodi za kuæanstvo,1.25
"Travarica 37,5%",6901434,0.95,1l,Boca,Alliance,9.99,9.99,4304493256415,Piæe,9.99
Franck Èaj kamilica,6901438,0.02,20g,Kart. na prekl.,,1.69,1.69,3858881081420,Piæe,1.69
Helf Bomboni original,6901518,0.04,40g,Pakovanje,,0.69,0.69,3877000471041,Hrana,0.69
"Staropramen Svij. pivo 5%, 4x0,5l",6901538,2,"4x0,5l",Limenka,,5.61,2.81,3850131004784,Piæe,5.61
Bruschetti Maretti s rajèicama,6901569,0.15,150g,Vrecica,,1.59,10.6,3800205872955,Hrana,1.59
Sušena tjestenina vijak,6901577,1,1kg,Vrecica,Combino,1.49,1.49,20662202,Hrana,1.69
Sušena tjestenina makaroni,6901578,1,1kg,Vrecica,Combino,1.46,1.46,20662196,Hrana,1.69
Štrudla SK2,6901597,0.252,252g,Pakovanje,Tastino,1.09,4.33,20661786,Hrana,1.09
Roštilj kobasice  XXL SK2,6901702,0.7,700g,Vakumir. pakov.,Pikok,3.69,5.27,20779368,Hrana,3.69
Jim Beam Whiskey 40%,6901717,0.7,"0,7l",Boca,,20.02,28.6,5010196091008,Piæe,20.02
Kranjska XXL,6901730,0.9,900g,Vakumir. pakov.,Pikok,5.19,5.77,20779139,Hrana,5.19
BO Kruh iz kalupa,6901742,0.6,600g,Rasuto,,1.59,2.65,3859890733775,Hrana,1.59
BO Kruh sa chia sjemenkama,6901799,0.32,320g,Rasuto,,1.29,4.03,3859893136115,Hrana,1.29
BO Kruh sa chia sjemenkama,6901799,0.32,320g,Rasuto,,1.29,4.03,3859893136566,Hrana,1.29
Argeta Pašteta kokošja 4x95g,6901831,0.38,4x95g,Pakovanje,,3.99,10.5,3838471047111,Hrana,3.99
Štark Smoki flips,6901862,0.225,225g,Vrecica,,1.59,7.07,8600939507094,Hrana,1.59
Dalmatinski pršut 1/4 kom.,6901920,1,"ca. 1,3kg",Vakumir. pakov.,Okusi zavièaja,27.49,27.49,2847830000000,Hrana,27.49
Champions Edition Èips slani,6901945,0.25,250g,Vrecica,Snack Day,1.19,4.76,20780463,Hrana,1.19
"Jogurt èvrsti 3,2% m.m.",6901955,0.9,900g,Kanta,Pilos,1.69,1.88,69019555,Hrana,1.69
Pinður,6901959,0.54,540g,Staklo,Kania,4.75,8.8,20780272,Hrana,4.75
Nutella,6901980,0.75,750g,Staklo,,5.49,7.32,4008400404127,Hrana,5.49
Kraš Napolitanke s èok. punj. 420g,6902159,0.42,420g,Pakovanje,,3.19,7.6,3850102326143,Hrana,3.19
"Kraš Bronhi, original",6902167,0.1,100g,Vrecica,,1.29,12.9,3850102014750,Hrana,1.29
"Hendricks Gin 41,4%",6902186,0.7,"0,7l",Boca,,28.99,41.41,5010327755014,Piæe,28.99
"ABC Svježi krem sir Classic, 100g",6902236,0.1,100g,Posudica,,1.25,12.5,3859888858008,Hrana,1.25
Zvijezda Ketchup blagi,6902238,0.5,500g,Pakovanje,,1.99,3.98,3858882210874,Hrana,1.99
Zvijezda Majoneza 85g,6902240,0.085,85g,Vrecica,,1.09,12.82,3858882210249,Hrana,1.09
Barkleys Classic SK10,6902264,0.05,50g,Limenka,,2.39,47.8,87313260,Hrana,2.39
BO Beskvasni bijeli kruh sa sezamom,6902268,0.4,400g,Rasuto,,1.09,2.73,3858889614347,Hrana,1.09
Dukat b.Aktiv LGG Smoothie SK1,6902278,0.33,330g,PET-Boca,,1.82,5.52,3850354004257,Hrana,1.82
Meggle Maslac sa zaèinskim biljem,6902301,0.125,125g,Pakovanje,,2.99,23.92,40349251,Hrana,2.99
Gloria mljevena kava,6902313,0.5,500g,Vrecica,,6.89,13.78,3858881088184,Piæe,6.99
Buket Florijan mix,6902355,0.04,1komad,Pakovanje,,2.12,2.12,3858889013942,Proizvodi za kuæanstvo,2.12
Aranžman Patrik/Andrea SK1,6902358,1.2,1komad,Pakovanje,,17.92,17.92,3858889010309,Proizvodi za kuæanstvo,17.92
Bakalar na bijelo u maslinovom ulju,6902390,0.165,165g,Staklo,Okusi zavièaja,3.39,20.55,20781293,Hrana,3.39
"Jaja podni uzgoj, razred L, 10 kom.",6902414,0.68,10komad,Pakovanje,Okusi zavièaja,2.69,0.27,4056489316985,Hrana,2.69
Zlato Polje Bebe griz,6902417,0.25,250g,Vrecica,,0.89,3.56,3838700075106,Hrana,0.89
Petit keks s maslacem,6902427,0.46,460g,Pakovanje,Sondey,1.99,4.33,20781262,Hrana,1.99
"Barcaffe mljevena kava, 400g",6902430,0.4,400g,Vrecica,,7.99,19.98,3838471032308,Piæe,7.99
Grah trešnjevac,6902459,0.5,500g,Pakovanje,,1.99,3.98,8671020170015,Hrana,1.99
Baklava,6902540,0.5,500g,Pakovanje,Confiserie Firenze,3.99,7.98,4056489316145,Hrana,3.99
"Dimljena svinjska rebra, cca. 700g",6902571,1,ca. 700g,Vakumir. pakov.,Pikok,7.96,7.96,2225710000000,Hrana,7.96
"Franck Jubilarna kava, mlj., 250g",6902572,0.25,250g,Vakumir. pakov.,,5.39,21.56,3858881080263,Piæe,5.39
"Jana Negazirana mineral. voda, 0,5l",6902577,0.5,"0,5l",PET-Boca,,0.85,1.7,3858884600062,Piæe,0.85
Jana Ledeni èaj šumsko voæe,6902585,1.5,"1,5l",PET-Boca,,1.69,1.13,3858884601717,Piæe,1.69
Jadro Napolitanke,6902658,0.43,430g,Pakovanje,,3.19,7.42,3850102523757,Hrana,3.19
Libresse Ultra Normal higij. ulošci,6902679,0.12,20komad,Pakovanje,,2.55,0.13,7310791245607,Proizvodi za kuæanstvo,2.89
"Gabriel, kozji zreli sir iz mišine",6902702,0.2,200g,Vakumir. pakov.,,5.49,27.45,3859892805524,Hrana,5.49
BO Somun,6902753,0.2,200g,Rasuto,,0.58,2.9,3859892480820,Hrana,0.58
Meggle Mozzarella,6902819,0.125,125g,Vrecica,,1.09,8.72,3870085050019,Hrana,1.39
Piko Parizer,6902834,0.4,400g,Pakovanje,,3.99,9.98,3850139240580,Hrana,3.99
Tvrdi sir od kravlj. i ovèjeg mlij.,6902847,0.4,400g,Vakumir. pakov.,Okusi zavièaja,7.79,19.48,40894294,Hrana,7.79
Èips rebras. s okusom vrhnja i sira,6902866,0.15,150g,Vrecica,Snack Day,1.15,7.67,40894904,Hrana,1.15
Duracell baterije AA,6902924,0.026,10komada,Pakovanje,,5.99,0.6,5000394152496,Proizvodi za kuæanstvo,5.99
Duracell baterije AAA,6902925,0.013,10komada,Pakovanje,,5.99,0.6,5000394019867,Proizvodi za kuæanstvo,5.99
Champ. Edition Štapiæi s kikirik.,6902955,0.15,150g,Vrecica,Snack Day,0.59,3.93,40894560,Hrana,0.59
Champ. Edition Planinski sir nar.,6902961,0.3,300g,Pakovanje,Milbona,4.49,14.97,40894461,Hrana,4.49
Grèki voæni jogurt SK3,6902972,0.15,150g,Posudica,Pilos,0.75,5,40894317,Hrana,0.75
Salata od jadranske sardine,6902998,0.1,100g,Limenka,Okusi zavièaja,1.09,10.9,40894539,Hrana,1.09
Jadranska srdela s med. biljem,6902999,0.1,100g,Limenka,Okusi zavièaja,1.19,11.9,40894546,Hrana,1.19
"Palmolive Gel za tuširanje, SK1",6903031,0.517,500ml,Boca,,4.25,8.5,8714789733159,Kozmetika,4.25
Èaj u rinfuzi UTZ SK2,6903079,0.035,"30g,40g",Kart. na prekl.,Okusi zavièaja,1.19,1.19,40894515,Piæe,1.19
Èaj u rinfuzi UTZ SK2,6903079,0.035,"30g,40g",Kart. na prekl.,Okusi zavièaja,1.19,1.19,40894522,Piæe,1.19
"Goveði biftek, cca. 2kg",6903089,1,ca. 2kg,Vakumir. pakov.,Naša mesnica,24.79,24.79,2895511000000,Hrana,28.99
"Goveði biftek, cca. 2kg",6903089,1,ca. 2kg,Vakumir. pakov.,Naša mesnica,24.79,24.79,2895515000000,Hrana,28.99
Kinder Èokolada Maxi 10 komada,6903120,0.21,210g,Pakovanje,,3.99,19,4008400221021,Hrana,3.99
Dolcela Èokoladni raspucanci,6903157,0.42,420g,Kart. na prekl.,,2.29,5.45,3856020221546,Hrana,2.99
Bakina tajna ajvar blagi,6903221,0.3,300g,Staklo,,3.49,11.63,8606102785030,Hrana,3.49
Gloria Kava mljevena XXL,6903322,0.6,600g,Vrecica,,8.29,13.82,3850291048956,Piæe,8.29
Rio Mare Tuna u maslinovom ulju,6903349,0.32,4x80g,Pakovanje,,6.59,31.68,8004030005051,Hrana,6.59
Lampioni Premium SK2,6903360,0.5,500g,Pakovanje,-,3.49,3.49,20251550,Proizvodi za kuæanstvo,3.49
"Le Coq Cocktail Cosmopolitan, 4,7%",6903701,0.33,"0,33l",Boca,,1.52,4.61,4740098082620,Piæe,1.52
"Le Coq Cocktail Margarita, 4,7%",6903702,0.33,"0,33l",Boca,,1.52,4.61,4740098084037,Piæe,1.52
"Le Coq Cocktail Mojito, 4,7% ",6903703,0.33,"0,33l",Boca,,1.52,4.61,4740098090649,Piæe,1.52
"Le Coq Cock. Sex on the Beach, 4,7%",6903704,0.33,"0,33l",Boca,,1.52,4.61,4740098002857,Piæe,1.52
"Le Coq Cock. Sex on the Beach, 4,7%",6903704,0.33,"0,33l",Boca,,1.52,4.61,4740098090663,Piæe,1.52
Extra džem od višnje,6903796,0.43,430g,Staklo,Okusi zavièaja,2.19,5.09,20251215,Hrana,2.19
Extra džem od višnje,6903796,0.43,430g,Staklo,Okusi zavièaja,2.19,5.09,4056489073673,Hrana,2.19
Vjenèiæi SK3,6903805,0.39,390g,Pakovanje,Okusi zavièaja,3.29,8.44,4056489073420,Hrana,3.29
"Osjeèko Crni Radler 2,0%",6903826,0.5,"0,5l",Limenka,,1.52,3.04,3858886240778,Piæe,1.52
"Vreæe za smeæe GASTRO, 240L",6903870,1.054,10komad,Traka,Purio,3.29,0.33,4056489073505,Proizvodi za kuæanstvo,3.29
Somersby Jabuka,6904159,2,"4x0,5l",Limenka,,6.29,3.15,3858887583072,Piæe,6.29
Ukrasna vreæica 12x39x9cm,6904173,0.044,1komad,Pakovanje,,0.89,0.89,3856023006454,Proizvodi za kuæanstvo,0.99
Ukrasna vreæica 32x26x12cm,6904180,0.046,1komad,Vrecica,,1.45,1.45,3856023014190,Proizvodi za kuæanstvo,1.45
Ukrasna vreæica 32x26x12cm,6904180,0.046,1komad,Vrecica,,1.45,1.45,3856023020931,Proizvodi za kuæanstvo,1.45
Ukrasna vreæica 32x26x12cm,6904180,0.046,1komad,Vrecica,,1.45,1.45,3856023029040,Proizvodi za kuæanstvo,1.45
Papir/folija 70x100cm,6904186,0.022,1komad,Pakovanje,,1.19,1.19,3858888055851,Proizvodi za kuæanstvo,1.19
Celofan 70x100cm,6904190,0.02,1komad,Pakovanje,,0.69,0.69,3858888917685,Proizvodi za kuæanstvo,0.69
"Jaja iz slobodnog uzgoja, raz. vel.",6904261,0.65,10komad,Pakovanje,Okusi zavièaja,2.99,0.3,4056489074243,Hrana,2.99
"Jaja iz podnog uzgoja XXL, razred L",6904263,1.02,15komad,Pakovanje,Okusi zavièaja,2.39,0.16,4056489074267,Hrana,2.39
"Gouda, polutvrdi sir",6904514,1,1kg,Vakumir. pakov.,,6.49,6.49,3859894087065,Hrana,6.49
Vindon Pureæa posebna,6904558,0.5,500g,Stanga,,1.99,3.98,3850159128332,Hrana,2.25
Cekin Posebna kobasica,6904559,0.5,500g,Stanga,,1.99,3.98,3850159125027,Hrana,1.99
Havana rum Especial 40%,6904595,0.7,"0,7l",Boca,,12.39,17.7,8501110086196,Piæe,12.39
Multivita Naranèa plus,6904607,0.08,80g,Pakovanje,,2.19,27.38,3858881248205,Hrana,2.19
Multivita Naranèa plus,6904607,0.08,80g,Pakovanje,,2.19,27.38,3858881249257,Hrana,2.19
BO Polubijeli domaæi kruh,6904897,0.4,400g,Rasuto,,0.59,1.48,3858893420002,Hrana,0.59
BO Polubijeli domaæi kruh,6904897,0.4,400g,Rasuto,,0.59,1.48,4052917946724,Hrana,0.59
Chuck Eye Steak,6904986,0.235,235g,Vakumir. pakov.,Naša mesnica,5.49,23.36,4056489316428,Hrana,5.49
PIK Jeger,6905002,0.3,300g,Pakovanje,,2.12,7.07,3850139240474,Hrana,2.12
Hipp BIO voæna kašica marelica,6905076,0.19,190g,Staklo,,1.65,8.68,9062300101680,Hrana,1.65
Hipp BIO meni povræe/puretina,6905079,0.22,220g,Staklo,,2.05,9.32,9062300103493,Hrana,2.05
"Svježi pileæi batak, cca. 500g",6905086,1,ca. 500g,Atmos-Pakiranje,Naša mesnica,4.09,4.09,2868630000000,Hrana,4.09
"Siti sort., ins. napitak SK2, 1000g",6905092,1,1000g,Vrecica,Freeway,3.89,3.89,4056489074885,Piæe,3.89
Cockta Original,6905155,3,"2x1,5l",Pakovanje,,2.79,0.93,3838471042727,Piæe,2.79
Miješana salata (OM 360g),6905158,0.72,720ml,Staklo,Okusi zavièaja,1.59,4.42,4056489316459,Hrana,1.99
Podravka Beèka juha,6905160,0.062,62g,Vrecica,,1.39,22.42,3850104088162,Hrana,1.39
Njoki,6905191,1,1kg,Vrecica,Harvest Basket,2.59,2.59,4056489075295,Hrana,2.59
Indomie Instant juha okus piletina,6905279,0.35,5x70g,Pakovanje,,2.09,5.97,089686170115,Hrana,2.09
"File otkoštenog zabatka, cca. 500g",6905305,1,ca. 500g,Atmos-Pakiranje,Naša mesnica,6.99,6.99,2868820000000,Hrana,6.99
"File otkoštenog zabatka, cca. 500g",6905305,1,ca. 500g,Atmos-Pakiranje,Naša mesnica,6.99,6.99,2868822000000,Hrana,6.99
"File otkoštenog zabatka, cca. 500g",6905305,1,ca. 500g,Atmos-Pakiranje,Naša mesnica,6.99,6.99,2868824000000,Hrana,6.99
Proteini.si Prot. ploèica èokolada,6905314,0.055,55g,Pakovanje,,1.29,23.45,3830059011316,Hrana,1.29
Proteini.si Prot. pl. crni rib. br.,6905318,0.055,55g,Pakovanje,,1.29,23.45,3830069176128,Hrana,1.29
BO Burek motani sir,6905439,0.22,220g,Rasuto,,1.19,5.41,3858893621539,Hrana,1.19
BO Burek s junetinom i krumpirom,6905440,0.15,150g,Rasuto,,0.89,5.93,3858893420521,Hrana,0.89
BO Burek s junetinom i krumpirom,6905440,0.15,150g,Rasuto,,0.89,5.93,4053216199002,Hrana,0.89
Frozy Riblji fileti a la Bordelaise,6905454,0.38,380g,Kart. na prekl.,,1.49,3.92,3858891044149,Hrana,1.49
BO Kukuruzni miješ. kruh bez kvasca,6905465,0.4,400g,Rasuto,,1.45,3.63,3858884927435,Hrana,1.45
Violeta Omekšivaè 77 pr.,6905498,2.695,"2,7l",Boca,,4.99,1.85,3870128023932,Sredstva za èišæenje,4.69
Vlažne mar. za èiš. površina SK1,6905830,0.445,80komad,Pakovanje,W5,1.59,0.02,4056489075035,Proizvodi za kuæanstvo,1.59
Vlažne mar. za èiš. površina SK1,6905830,0.445,80komad,Pakovanje,W5,1.59,0.02,4056489075042,Proizvodi za kuæanstvo,1.59
"Polubijeli kruh, rezani",6905879,0.7,700g,Vrecica,Tastino,1.09,1.56,4056489317623,Hrana,1.09
Fix umaci (43-50g) SK2,6905916,0.046,"43g,50g",Vrecica,Kania,0.49,11.4,4056489317432,Hrana,0.49
"Trajno mlijeko 2,8% m.m.",6905962,1.031,1l,Boca,Pilos,0.83,0.83,20254742,Hrana,0.83
Dorina Èokolada SK1,6905966,0.231,"220g,250g",Pakovanje,,4.49,17.96,3850102123452,Hrana,4.49
Dobro Buðola narezak,6906022,0.25,250g,Atmos-Pakiranje,,6.99,27.96,3850133804764,Hrana,4.99
Violeta Omekšivaè 114 pranja SK1,6906055,3.992,4l,Boca,,4.49,1.12,3870128014664,Sredstva za èišæenje,4.79
Kraš Bajadera,6906078,0.3,300g,Pakovanje,,9.49,31.63,3850102230051,Hrana,9.49
PPK Pašteta SK2,6906081,0.1,100g,Posudica,,0.69,6.9,3858881617070,Hrana,0.69
Bio ploèica SK1,7202195,0.03,30g,Pakovanje,Alesto,0.89,0.89,20962234,Hrana,0.89
Mochi SK2,7207726,0.21,210g,Kart. na prekl.,Gelatelli,3.49,16.62,4056489941255,Hrana,3.49
Hamburger pecivo 4 kom.,7207822,0.32,320g,Pakovanje,Tastino,2.19,6.84,4056489941170,Hrana,2.19
Perutnina Ptuj Pileæi narezak SK2,7300183,0.143,"125g,180g",Atmos-Pakiranje,,1.99,15.92,3838977024487,Hrana,1.99
Kekec Pašteta,7300643,0.1,100g,Plitica,,0.75,7.5,3830008604309,Hrana,0.75
SAGA Meki sir u salamuri,7301220,0.9,900g,Posudica,,4.49,4.99,3830060750389,Hrana,Nije_bilo_u_prodaji_02.05.2025
"Trajno mlijeko bez laktoze 3,5%m.m.",7301471,1.03,1l,TETRA-PK,Pilos,1.59,1.59,20905378,Hrana,1.59
Pileæa posebna kobasica SK2,7301524,0.4,400g,Stanga,Pikok,1.59,3.98,20905453,Hrana,1.59
Domaæi kuhani štrukli,7303241,0.35,350g,Pakovanje,,2.95,8.43,3830070881400,Hrana,2.95
Fussili od leæe/slanutka SK1,7702738,0.25,250g,Vrecica,Combino,1.89,7.56,4056489206842,Hrana,1.89
Vivil Bomboni bez šeæera sort.,7713799,0.12,120g,Vrecica,,1.79,14.92,4020400898690,Hrana,1.79
Proteinski prutiæ 30% SK1,7715079,0.045,45g,Pakovanje,-,0.99,22,4056489884903,Hrana,0.99
Salvete 3-sloj nogomet SK1,7715992,0.206,40komad,Pakovanje,Floralys,0.9,0.02,4056489886396,Proizvodi za kuæanstvo,0.9
Salvete 3-sloj nogomet SK1,7715992,0.206,40komad,Pakovanje,Floralys,0.9,0.02,4056489886402,Proizvodi za kuæanstvo,0.9
Šunka s morskom soli SK1,7718017,0.1,100g,Atmos-Pakiranje,Deluxe,2.4,24,4335619132894,Hrana,2.4
Fini jestivi škrob,9000155,0.2,200g,Vrecica,Belbake,0.79,3.95,4056489735984,Hrana,0.79
Durukan Lizalica,9001418,0.011,"10,5g",Pakovanje,,0.19,0.19,86933100,Hrana,0.19
"Nutrino Lab sna. jab, man, pap, ban",9002112,0.2,200ml,Vrecica,,1.69,8.45,8606019652944,Piæe,1.69
Proljetna juha RSPO,9002295,0.065,65g,Vrecica,-,0.49,7.54,4056489508458,Hrana,0.49
BO Somun sa sirom i zaèinom,9003026,0.16,160g,Rasuto,,0.69,4.31,4056489735526,Hrana,0.69
Vipro Seoski Pinður,9003273,0.54,540g,Staklo,,3.19,5.91,5319990177513,Hrana,3.19
Rada Ovèije kiselo mlijeko 6%,9003287,0.4,400g,Posudica,,2.29,5.73,5319991216532,Hrana,2.29
Rada Kozije kiselo mlijeko,9003530,0.3,300g,Staklo,,1.99,6.63,5310354002793,Hrana,1.99
Lisnato tijesto XXL,0158310,0.375,375g,Pakovanje,Chef Select,1.19,3.17,4056489411505,Hrana,1.19
Ulje za tuširanje Rose Argan,0158444,0.095,100ml,PET-Boca,Cien,2.19,21.9,4056489349358,Kozmetika,2.19
Krema za ruke Rose Argan,0158445,0.029,30ml,Tuba,Cien,1.39,1.39,4056489349365,Kozmetika,1.39
Proteinski Cookies SK3,0158685,0.045,45g,Pakovanje,Sondey,1.59,1.59,4056489350866,Hrana,1.59
Mlijeko za sunèanje sensitive ZF 30,0159512,0.257,250ml,Boca,Cien Sun,5.99,23.96,4335619130593,Kozmetika,5.99
Antibakterijski gel za hig. ruku,0159578,0.047,50ml,PET-Boca,Cien,0.89,17.8,4056489375555,Kozmetika,0.99
Mješavine za muffine SK27,0159610,0.325,"310g,340g",Kart. na prekl.,Belbake,2.19,6.44,20149932,Hrana,2.19
High Protein Gris puding SK1,0160550,0.2,200g,Posudica,Milbona,0.99,4.95,4056489955023,Hrana,0.99
Proteinski sladoled SK1,0160941,0.25,5x70ml,Kart. na prekl.,Gelatelli,3.49,9.97,4056489411697,Hrana,3.49
Pasta Bowl SK5,0161221,0.4,400g,Plitica,Italiamo,2.79,6.98,4056489416265,Hrana,2.79
Zalogaji pereca Cheddar Cheese,0161400,0.125,125g,Vrecica,MCENNEDY,1.49,11.92,4056489417644,Hrana,1.49
Papirnati tanjuri 13x20cm,0161594,0.098,20komad,Pakovanje,Grillmeister,0.99,0.05,4335619040649,Proizvodi za kuæanstvo,0.99
Mirisni osvježivaè prostora SK18,0161698,0.148,150ml,PET-Boca,W5,1.69,11.27,4335619172418,Sredstva za èišæenje,1.69
Premium punjena tjestenina SK9,0161923,0.25,250g,Vrecica,Deluxe,2.29,9.16,4056489113867,Hrana,2.29
Višenamjensko sredstvo za èišæenje,0161950,0.997,1l,Boca,W5,1.49,1.49,4056489430674,Sredstva za èišæenje,1.49
Karamelizirani orašasti plodovi SK2,6209670,0.13,"120g,150g",Vrecica,Eridanous,1.69,14.08,4056489603016,Hrana,1.59
Salata s feta sirom SK1,6210993,0.25,250g,Atmos-Pakiranje,Deluxe,1.91,7.64,4056489773368,Hrana,1.91
Žele kocke SK8,6211865,0.4,400g,Kart. na prekl.,1001 delights,1.83,4.58,4056489908456,Hrana,1.83
Kava s aromom SK1,6211933,0.2,200g,Vrecica,Bellarom,6.89,34.45,4335619096714,Piæe,5.7
Mješavina orašastih plodova,6400043,0.1,100g,Vrecica,Alesto,1.49,14.9,20436322,Hrana,1.49
"Žute mahune, duboko smrznute",6400610,1,1kg,Vrecica,Freshona,2.35,2.35,4056489157632,Hrana,2.39
Kukuruzni snack s okusom èilija,6400718,0.07,70g,Vrecica,Alesto,0.69,9.86,20504762,Hrana,0.69
Mljeveni keks,6401013,0.5,500g,Vrecica,Belbake,1.49,2.98,20235239,Hrana,1.49
Pureæi Cordon Bleu XXL,6401097,1.5,1500g,Vrecica,Culinea,4.49,2.99,20587840,Hrana,4.49
Tonic SK1,6906124,1.008,1l,PET-Boca,-,0.99,0.99,4056489610526,Piæe,0.99
Vrhnje za šlag,6906142,1,1kg,Pakovanje,Pilos,4.59,4.59,4056489317999,Hrana,4.59
"Dukat Dukatos Natur jogurt, 450g",6906226,0.45,450g,Kanta,,2.59,5.76,3850354010784,Hrana,2.59
DAR Napitak od blago prženih badema,6906244,1,1l,Pakovanje,,2.05,2.05,3850108028010,Hrana,2.05
Gouda old Holland,0137390,0.25,250g,Pakovanje,Milbona,4.99,19.96,20092498,Hrana,4.99
ASC Kraljevske kozice [ATG: 180g],0137910,0.2,200g,Vrecica,Ocean Sea,4.79,26.61,20103804,Hrana,4.79
Spaghetti iz bronèanog kalupa HWG,0137929,0.5,500g,Vrecica,Combino,1.05,2.1,20104108,Hrana,1.05
"Bio kašica povræe, tjes. i puretina",0138002,0.25,250g,Staklo,Lupilu,1.29,5.16,4056489882206,Hrana,1.29
"Bio kašica pov., tjest. s vrhnjem ",0138005,0.25,250g,Staklo,Lupilu,1.29,5.16,4056489882268,Hrana,1.29
Kremasti gel za tuširanje SK4,0138047,0.311,300ml,PET-Boca,Cien,1.69,5.63,4056489868934,Kozmetika,1.69
Namaz svježi sirSK48,0138068,0.097,"100g,90g",Pakovanje,Deluxe,1.99,22.11,20112073,Hrana,1.99
Namaz svježi sirSK48,0138068,0.097,"100g,90g",Pakovanje,Deluxe,1.99,19.9,20112073,Hrana,1.99
Namaz svježi sirSK48,0138068,0.097,"100g,90g",Pakovanje,Deluxe,1.99,22.11,20112080,Hrana,1.99
Djeèje pelene za novoroðenèe,0138081,0.45,24komad,Pakovanje,Lupilu,3.19,0.13,20112257,Proizvodi za kuæanstvo,3.19
Djeèje pelene junior,0138087,1.43,44komad,Pakovanje,Lupilu,6.39,0.15,4056489352792,Proizvodi za kuæanstvo,6.39
Talijanski desert SK8,0138667,0.5,500g,Pakovanje,Italiamo,3.49,6.98,20074067,Hrana,3.49
Kobasica SK2,0138902,0.275,"250g,300g",Atmos-Pakiranje,Grillmeister,3.29,10.97,4056489141761,Hrana,3.29
Odstranjivaè make.upa SK3,0138914,0.102,100ml,PET-Boca,Cien,1.39,13.9,4056489447078,Kozmetika,1.39
Torte SK2,7306530,0.75,750g,Pakovanje,,8.79,11.72,3831001865230,Hrana,8.79
Ekstra pileæe kobasice XXL,7306951,1.2,1200g,Atmos-Pakiranje,,2.59,2.16,3850220153997,Hrana,2.59
Gazirana stolna voda,7307442,1.5,"1,5l",PET-Boca,Saguaro,0.59,0.39,4056489937524,Piæe,0.65
Brugge sir SK1,7401446,0.25,250g,Pakovanje,,4.59,18.36,20328269,Hrana,4.59
Chocolate Truffles SK3,7401994,0.2,200g,Pakovanje,J.D. Gross,2.49,12.45,20430450,Hrana,2.49
Cheesecake zillionaire/limun SK1,7405900,0.18,2x90g,Kart. na prekl.,Deluxe,2.59,14.39,4056489215141,Hrana,2.59
Cheesecake SK3,7406080,0.16,2x80g,Pakovanje,Deluxe,2.59,16.19,4056489133650,Hrana,2.59
Cheesecake SK3,7406080,0.16,2x80g,Pakovanje,Deluxe,2.59,16.19,4056489133667,Hrana,2.59
Halloween Macarons,7406257,0.144,12x12g,Blister,Halloween,4.59,31.87,4056489491811,Hrana,4.59
Belgijski sir,7406623,0.15,150g,Pakovanje,,3.99,26.6,5411058020011,Hrana,3.99
Schogetten SK92,0002838,0.1,100g,Tabla,,1.29,12.9,4000415007706,Hrana,1.29
Schogetten SK92,0002838,0.1,100g,Tabla,,1.29,12.9,4000415028305,Hrana,1.29
Schogetten SK92,0002838,0.1,100g,Tabla,,1.29,12.9,4000415039707,Hrana,1.29
Schogetten SK92,0002838,0.1,100g,Tabla,,1.29,12.9,4000415197803,Hrana,1.29
Schogetten SK92,0002838,0.1,100g,Tabla,,1.29,12.9,4000415700805,Hrana,1.29
Schogetten SK92,0002838,0.1,100g,Tabla,,1.29,12.9,4000415749804,Hrana,1.29
Schogetten SK92,0002838,0.1,100g,Tabla,,1.29,12.9,4000415778507,Hrana,1.29
Schogetten SK92,0002838,0.1,100g,Tabla,,1.29,12.9,4000607852008,Hrana,1.29
"Kinder Èokolada 8 komada, 100g",0002839,0.1,100g,Pakovanje,,1.79,17.9,80177616,Hrana,1.79
"Rosé, kvalitetno vino",0002861,0.743,"0,75l",Boca,Winemakers of Croatia,5.49,7.32,4304493256705,Piæe,5.49
Sredstvo za èišæenje WC-a SK9,0151454,1.023,1l,PET-Boca,W5,1.65,1.65,4056489566793,Sredstva za èišæenje,1.65
Osvježivaè prostora SK4,0151608,0.295,300ml,Limenka,W5,0.85,2.83,4056489226833,Sredstva za èišæenje,1.19
Grèko predjelo SK1,0151685,0.39,"380g,400g",Plitica,Eridanous,4.69,11.73,4056489231622,Hrana,3.69
Mješavina orašastih plodova SK5,0152058,0.2,200g,Samost.vreca,Alesto,3.99,19.95,20559625,Hrana,3.99
Èokoladna i voæna kaša SK1,0152422,0.375,375g,Vrecica,Crownfield,2.99,7.97,4056489238355,Hrana,2.99
Italian Rosé Sparkling Wine,0152615,0.75,"0,75l",Boca,,3.59,4.79,4056489237389,Piæe,3.59
Pjenušac polusuhi,0152672,0.75,"0,75l",Boca,Burg Schöneck,2.99,3.99,4056489237419,Piæe,2.99
Morski plodovi praline,0152734,0.5,500g,Pakovanje,J.D. Gross,6.79,13.58,4056489864547,Hrana,6.79
Premium Sushi SK1,0152782,0.178,"168g,178,5g,185g",Pakovanje,select & go,3.79,21.23,4056489250166,Hrana,3.79
Premium Sushi SK1,0152782,0.178,"168g,178,5g,185g",Pakovanje,select & go,3.79,22.56,4056489250197,Hrana,3.79
Frappé SK1,0153146,0.25,250g,Kart. na prekl.,MCENNEDY,2.79,11.16,4056489258988,Piæe,2.79
Mljevena kava SK1,0153488,0.25,250g,Limenka,Deluxe,6.99,27.96,4056489262596,Piæe,6.99
Toaletna voda za muškarce SK5,0153751,0.063,75ml,Kart. na prekl.,G. Bellini,6.49,86.53,4056489268109,Kozmetika,6.49
Toaletna voda za muškarce SK5,0153751,0.063,75ml,Kart. na prekl.,G. Bellini,6.49,86.53,4056489545613,Kozmetika,6.49
Toaletna voda za muškarce SK5,0153751,0.063,75ml,Kart. na prekl.,G. Bellini,6.49,86.53,4056489545620,Kozmetika,6.49
Grickalice za pse SK6,0169319,0.14,"105g,135g,180g",Vrecica,Orlando,0.89,4.94,4056489333609,Proizvodi za kuæanstvo,0.89
Grickalice za pse SK6,0169319,0.14,"105g,135g,180g",Vrecica,Orlando,0.89,8.48,4056489333616,Proizvodi za kuæanstvo,0.89
Sušilo za kosu,0416198,0.573,1ST,Pakovanje,Silvercrest Personal Care,7,7,4055334929578,Kozmetika,7
Sušilo za kosu,0416198,0.573,1ST,Pakovanje,Silvercrest Personal Care,7,7,4055334929608,Kozmetika,7
Prospero Sparkling Muškat,0173984,0.75,"0,75l",Boca,,4.49,5.99,8410702054959,Piæe,4.49
Pizza jastuèiæi SK1,0174136,0.36,3x120g,Kart. na prekl.,1001 delights,3.35,9.31,4056489608752,Hrana,3.35
High Protein Drink XXL SK1,0174614,0.42,420g,PET-Boca,Milbona,1.49,3.55,4056489618133,Hrana,1.49
High Protein Drink XXL SK1,0174614,0.42,420g,PET-Boca,Milbona,1.49,3.55,4056489618140,Hrana,1.49
High Protein Drink XXL SK1,0174614,0.42,420g,PET-Boca,Milbona,1.49,3.55,4304493268975,Hrana,1.49
Chardonnay IGT Puglia,0174649,0.75,"0,75l",Boca,CORTE AURELIO,2.65,3.53,4056489546580,Piæe,2.65
Cappuccino Sticks SK22,0174748,0.156,"142g,170g",Kart. na prekl.,Bellarom,1.79,10.53,4056489618751,Piæe,1.79
Passamano Chardonnay Puglia IGT,0174962,0.75,"0,75l",Boca,,3.49,4.65,8003625027805,Piæe,3.49
"Vital pileæi Nuggets, panirani SK1",0175003,0.5,500g,Kart. na prekl.,Culinea,6.49,12.98,4056489620624,Hrana,6.49
Dj. vodeni sladoled SK12,0175604,0.696,6x110ml,Kart. na prekl.,Bon Gelati,3.19,4.83,4056489617808,Hrana,3.19
"Poslastica za pse, SK4",0175839,0.4,400g,Vrecica,Orlando,1.29,3.23,4056489621133,Proizvodi za kuæanstvo,1.29
Ketchup sa zaèinima,0176178,0.55,500ml,PET-Boca,Kania,1.99,3.98,4335619143494,Hrana,1.99
Riblji tapas SK25,0176419,0.1,100g,Plitica,Sol&Mar,2.49,24.9,20019112,Hrana,2.49
Deterdžent za pranje posuða XXL SK1,0176452,3.06,3l,PET-Boca,W5,2.99,1,4056489644477,Sredstva za èišæenje,2.99
Lak za nokte Cocktail SK2,0177036,0.01,11ml,Pakovanje,Cien Beauty,1.29,117.27,4056489430872,Kozmetika,1.29
Lak za nokte Cocktail SK2,0177036,0.01,11ml,Pakovanje,Cien Beauty,1.29,117.27,4056489430896,Kozmetika,1.29
Sladoled s komadiæima èokolade,0177065,0.528,1000ml,Plitica,Bon Gelati,3.49,3.49,4056489657149,Hrana,3.49
File haringe u umaku od rajèice XXL,0177096,0.6,3x200g,Limenka,Nixe,4.19,6.98,4056489893769,Hrana,4.19
Smrznuto povræe za tavu SK1,0177323,1,1kg,Vrecica,Freshona,2.99,2.99,4056489658634,Hrana,2.99
"Kapsule za kavu, 20komada, RFA",0177840,0.116,116g,Kart. na prekl.,Bellarom,3.99,34.4,4056489663843,Piæe,3.99
Kobasica,0178065,0.5,500g,Vakumir. pakov.,,4.59,9.18,4008460255264,Hrana,4.59
Gold Classic kava liofilizirana RFA,0178373,0.1,100g,Staklo,Bellarom,3.99,39.9,4056489666387,Piæe,3.99
Latte Sticks SK24,0179046,0.166,"148g,184g",Kart. na prekl.,Bellarom,1.79,12.09,4056489686170,Piæe,1.79
Latte Sticks SK24,0179046,0.166,"148g,184g",Kart. na prekl.,Bellarom,1.79,12.09,4056489686187,Piæe,1.79
Maramice za èišæenje naoèala,0179093,0.08,52komad,Kart. na prekl.,W5,0.99,0.02,4056489686514,Proizvodi za kuæanstvo,0.99
Maramice za èišæenje naoèala,0179093,0.08,52komad,Kart. na prekl.,W5,0.99,0.02,4056489845164,Proizvodi za kuæanstvo,0.99
Chew4U draže bomboni mint,0179382,0.038,38g,Pakovanje,,0.25,0.25,5707312006939,Hrana,0.25
Ledo Kontiki sladoled štapiæ,6905584,0.264,4x70ml,Kart. na prekl.,,3.99,14.25,3850116035307,Hrana,3.99
Ledo Savijaèa s vanili. i šum.voæem,6905586,0.5,500g,Pakovanje,,3.19,6.38,3850116888972,Hrana,3.19
Ledo Savijaèa tamna èok. višnja,6905587,0.5,500g,Pakovanje,,3.19,6.38,3850116103068,Hrana,3.19
Leæevaèki mladi kra. sir 30d zrenje,6905616,0.3,300g,Vakumir. pakov.,Okusi zavièaja,5.29,17.63,4056489316572,Hrana,5.29
Meðimurski domaæi kuhani sir SK3,6905626,0.5,500g,Vakumir. pakov.,Okusi zavièaja,3.99,7.98,4056489316589,Hrana,5.69
Boom Box Zobeni keksi brusnica,6905673,0.05,50g,Pakovanje,,0.89,17.8,3858890476835,Hrana,0.89
Kraš PreKrašni Kol. sa pun. od viš.,6905699,0.22,220g,Vrecica,,1.89,8.59,3850102011278,Hrana,1.89
Pitroid Tekuæe punjenje protiv kom.,6905736,0.059,35ml,Pakovanje,,3.99,3.99,3856007902062,Proizvodi za kuæanstvo,3.99
Pitroid Spirala neutralnog mirisa,6905737,0.14,10komad,Pakovanje,,2.75,0.28,3856007902123,Proizvodi za kuæanstvo,2.75
BO Pecivo lepinja,6905787,0.12,120g,Rasuto,,0.39,3.25,4056489317463,Hrana,0.39
Rižoto SK5,6001161,0.175,175g,Vrecica,Kania,1.29,7.37,20499891,Hrana,1.29
Artièoke u suncokretovom ulju XXL,6001235,0.53,580ml,Staklo,Baresa,2.59,4.47,20623012,Hrana,2.59
Krema od pistacija,6002172,0.19,190g,Staklo,Italiamo,2.99,15.74,20633257,Hrana,2.99
Bio napitak od riže,6002760,1.052,1l,Pakovanje,Vemondo,1.15,1.15,4056489469520,Hrana,1.15
Tortelloni ricotta-špinat bez glu.,6003171,0.25,250g,Atmos-Posudica,Chef Select,2.99,11.96,20686321,Hrana,2.99
Lješnjak krem namaz 13%,6003961,0.75,750g,Staklo,Choco Nussa,3.79,5.05,20637682,Hrana,3.85
Lješnjak nougat krema 13%,6003962,0.4,400g,Staklo,Choco Nussa,2.65,6.63,20457105,Hrana,2.65
Punjena tjestenina XXL SK1,6004399,0.3,300g,Atmos-Posudica,Chef Select,1.49,4.97,20849924,Hrana,1.49
Bio Tortelloni/ Ravioli SK2,6004521,0.25,250g,Atmos-Posudica,Chef Select,2.19,8.76,20850661,Hrana,2.19
Pašteta s tunam / lososom SK1,6004564,0.1,100g,Tuba,Nixe,1.79,17.9,20632861,Hrana,1.79
Pileæa i pureæa hrenovka,6005791,1,1kg,Vakumir. pakov.,Dulano,2.39,2.39,20971298,Hrana,2.39
Gorgonzola DOP s korom SK1,6007296,0.2,200g,Pakovanje,Milbona,2.29,11.45,20053475,Hrana,3.25
Quartirolo Lombardo DOP,6007297,0.25,250g,Atmos-Pakiranje,Italiamo,2.09,8.36,20053499,Hrana,2.09
Biskvit torta SK2,5702871,0.347,"330g,370g",Pakovanje,Sol&Mar,1.89,5.73,4334035905587,Hrana,1.89
Osvježivaè za auto SK1,5702896,0.005,6ml,Boca,W5,1.29,215,20527181,Sredstva za èišæenje,1.29
Kroketi sa šunkom i sirom,5704862,0.35,350g,Vrecica,Sol&Mar,3.19,9.11,20879518,Hrana,3.19
Ekstra djevièansko maslinovo ulje,5705268,2.748,3l,PET-Boca,Sol&Mar,19.99,6.66,20879549,Hrana,19.99
Mini snack salama SK3,5705400,0.08,80g,Pakovanje,Latin American Style,1.39,17.38,20645069,Hrana,1.39
Turón Fuet SK4,5706368,0.16,160g,Atmos-Pakiranje,Deluxe,1.99,12.44,4056489511267,Hrana,1.99
Turón Fuet SK4,5706368,0.16,160g,Atmos-Pakiranje,Deluxe,1.99,12.44,4056489871446,Hrana,1.99
Turón Fuet SK4,5706368,0.16,160g,Atmos-Pakiranje,Deluxe,1.99,12.44,4056489871453,Hrana,1.99
Premium izbor narezaka,5706740,0.1,100g,Atmos-Posudica,Deluxe,2.95,29.5,20074814,Hrana,2.95
Egzotièni sok SK2,5706912,0.336,330ml,PET-Boca,Vitasia,1.46,4.42,4056489634805,Hrana,1.46
Nivea Dezodorans SK1,6906413,0.092,150ml,Limenka,,3.95,26.33,4005808734528,Kozmetika,3.95
"Nila Black, 68 pranja",6906443,3.796,"3,7l",PET-Boca,,4.99,1.35,3850105182920,Sredstva za èišæenje,4.99
Ornel Omekšivaè Flower Garden RETRO,6906447,3.75,"3,75l",PET-Boca,,4.25,1.13,3850105183040,Sredstva za èišæenje,4.25
"Ornel Omekšivaè, 150 pranja",6906448,3.75,"3,75l",PET-Boca,,4.25,0.03,3850105183019,Sredstva za èišæenje,4.25
"Ornel Omekšivaè, 150 pranja",6906448,3.75,"3,75l",PET-Boca,,4.25,1.13,3850105183019,Sredstva za èišæenje,4.25
Likvi Sred. za pranje posuða ,6906450,4.12,4l,PET-Boca,,5.99,1.5,3850105180612,Sredstva za èišæenje,5.99
"Kozel Premium Svijetlo pivo 4,8%",6906487,2,"4x0,5l",Limenka,,5.61,2.81,8594404006369,Piæe,5.61
"Encian Omega 1000, 50 kapsula",6906529,0.045,50komad,Kart. na prekl.,,6.62,0.13,3858890102536,Hrana,6.62
Mini JAP SK2,6906540,0.097,100ml,Boca,Alliance,1.19,11.9,20254773,Piæe,1.19
"Le Coq Cocktail Blue Lagoon 4,7%",6906608,0.33,330ml,Boca,,1.52,4.61,4740098002918,Piæe,1.52
Dukat voæni jogurt šumsko voæe,6906654,1,1kg,PET-Boca,,1.99,1.99,3850354016052,Hrana,1.99
Dukatos Selection okus vanilija,6906657,0.15,150g,Posudica,,0.89,5.93,3850354016984,Hrana,0.89
"Svinjska slabina i leða bk, odrezak",6906683,1,ca. 400g,Atmos-Pakiranje,Naša mesnica,7.99,7.99,2803670000000,Hrana,7.99
PPK Šunka u ovitku,6906718,0.4,400g,Vakumir. pakov.,,2.65,6.63,3858881618237,Hrana,2.65
Toaletni papir XXL 3-sloja,6907037,1.804,24x120Blatt,Pakovanje,Floralys,4.69,0.2,4056489611417,Proizvodi za kuæanstvo,4.69
PPK Goveða kobasica,6907044,0.3,300g,Vakumir. pakov.,,2.29,7.63,3858881614161,Hrana,2.29
BADEL Domaæi 35%,6907061,0.1,"0,1l",Staklo,,1.69,16.9,3850112142146,Piæe,1.69
Vindon Pureæa posebna kobasica,6907074,1,1000g,Stanga,,2.99,2.99,3850159128349,Hrana,2.99
Kraš PreKrašni kol. s mlij. punj.,6907146,0.2,200g,Pakovanje,,1.89,9.45,3850102005413,Hrana,1.89
Rexona Dezodorans SK1,6907181,0.15,150ml,Pakovanje,,4.69,31.27,8720181177835,Kozmetika,4.69
ADK Ljetni stakloper,6907202,5.1,5l,PET-Boca,,1.99,0.4,3858887316021,Proizvodi za kuæanstvo,1.99
Zakuska ATG 540g,6907221,0.54,580ml,Staklo,Kania,4.99,9.24,4056489611684,Hrana,4.99
Brzo & Slasno BO Palaèinka marmel.,6907265,0.18,2x90g,Rasuto,,1.59,8.83,3858893113072,Hrana,1.59
Brzo & Slasno BO Palaèinka marmel.,6907265,0.18,2x90g,Rasuto,,1.59,8.83,3858893113782,Hrana,1.59
Nivea Sun Protect&Moisture Trigger,6907282,0.271,270ml,PET-Boca,,16.09,59.59,4005900907165,Kozmetika,16.09
Remington Aparat za šišanje,0424127,1.476,1ST,Pakovanje,,15,15,4008496653027,Kozmetika,15
Nektar breskva 50%,6407592,1,1l,Pakovanje,Solevita,1.65,1.65,4056489158172,Piæe,1.65
Vitaminska voda Cink + Vitamin B,6408861,0.75,"0,75l",Boca,-,0.79,1.05,4056489272458,Piæe,0.79
BO Pogaèa sa sirom,6410263,0.077,77g,Rasuto,,0.49,6.36,4052917332862,Hrana,0.49
Energy drink Colossus Classic,6412701,0.5,"0,5l",Limenka,KONG STRONG,1.09,2.18,4056489668282,Piæe,1.09
Scrub Daddy Original yellow Sch.,6415435,0.03,1komad,Pakovanje,,3.29,3.29,5060481022033,Sredstva za èišæenje,3.29
Mini sladoledni desert SK1,6601297,0.1,140ml,Plitica,Deluxe,1.22,8.71,20597832,Hrana,1.22
Amerièki sladoled SK16,6601570,0.43,"485ml,500ml",Posudica,Gelatelli,3.99,8.23,20396152,Hrana,3.99
Amerièki sladoled SK16,6601570,0.43,"485ml,500ml",Posudica,Gelatelli,3.99,8.23,20396169,Hrana,3.99
Amerièki sladoled SK16,6601570,0.43,"485ml,500ml",Posudica,Gelatelli,3.99,7.98,20559694,Hrana,3.99
Svježi krem sir SK10,6601662,0.15,150g,Pakovanje,Deluxe,1.79,11.93,4335619043473,Hrana,1.79
Gouda,6605092,0.22,220g,Vakumir. pakov.,Deluxe,3.99,18.14,20977641,Hrana,3.99
Mini Amerièki sladoled SK1,6608650,0.114,150ml,Posudica,Gelatelli,1.79,11.93,4056489374619,Hrana,1.79
Premium sladoled SK1,6610962,0.423,500ml,Posudica,Gelatelli,3.99,7.98,4056489792567,Hrana,3.99
Prirodni jogurt s bifido kulturama,6700038,0.135,135g,Posudica,Pilos,0.35,2.59,20535483,Hrana,0.35
Špinat,6700294,0.45,450g,Vrecica,Freshona,0.99,2.2,20536343,Hrana,0.99
Sladoled vanilija-višnja,6700307,0.46,1l,Posudica,Ballino,2.59,2.59,20403638,Hrana,2.59
Mješavina voænih karamela,0146114,0.4,400g,Vrecica,Sweet Corner,2.65,6.63,4056489101888,Hrana,2.65
Mješavina za peèenje keksa SK5,0146463,0.18,180g,Vrecica,Belbake,1.19,6.61,4056489104681,Hrana,1.19
Mješavina za peèenje keksa SK5,0146463,0.18,180g,Vrecica,Belbake,1.19,6.61,4056489849957,Hrana,1.19
Špagete XXL,0146618,1.2,1200g,Vrecica,Combino,1.89,1.58,4056489105725,Hrana,1.89
Dracula vampirski zubi,0147002,0.2,200g,Vrecica,Halloween,1.39,6.95,4056489116790,Hrana,1.39
Èokoladni komadiæi SK4,0147053,0.1,100g,Kart. na prekl.,Belbake,1.69,16.9,4056489117841,Hrana,1.69
Sladoled Macaron,0147414,0.49,850ml,Plitica,Duc de Coeur,2.89,3.4,4056489128243,Hrana,2.89
"Mars,Snickers,Twix,Bou.Minis SK2",0147829,0.275,275g,Vrecica,,3.59,13.05,5000159473996,Hrana,3.59
"Svježi filet lososa, cca.1kg",0148255,1,cca.1kg,Vakumir. pakov.,,13.99,13.99,2868843000000,Hrana,13.49
"Svježi filet lososa, cca.1kg",0148255,1,cca.1kg,Vakumir. pakov.,,13.99,13.99,2868845000000,Hrana,13.49
"Svježi filet lososa, cca.1kg",0148255,1,cca.1kg,Vakumir. pakov.,,13.99,13.99,2868848000000,Hrana,13.49
"Svježi filet lososa, cca.1kg",0148255,1,cca.1kg,Vakumir. pakov.,,13.99,13.99,2868849000000,Hrana,13.49
Torta SK1,0142427,0.765,"700g,830g",Kart. na prekl.,Italiamo,7.99,11.41,4056489020943,Hrana,7.99
Torta SK1,0142427,0.765,"700g,830g",Kart. na prekl.,Italiamo,7.99,11.41,4056489020950,Hrana,7.99
Jednokratni drv. pribor za jelo SK1,0142492,0.057,20komad,Kart. na prekl.,Grillmeister,0.99,0.05,4056489021254,Proizvodi za kuæanstvo,0.99
Bella Caffe DG Caffe Cortado UTZ,0142677,0.101,"100,8g ",Kart. na prekl.,Bellarom,3.79,37.6,20357979,Piæe,3.79
Èaj od kamilice ,0142928,0.038,"25x1,5g",Pakovanje,Lord Nelson,0.59,0.59,4056489023791,Piæe,0.59
Chicken Bucket,0142993,0.75,750g,Kanta,,7.79,10.39,4056489024019,Hrana,7.79
Èaj u piramida vreæicama UTZ SK36,0143058,0.036,"20x1,6g,20x2g",Kart. na prekl.,Lord Nelson,1.99,1.99,20410315,Piæe,1.99
Vreæice za led SK2,0143080,0.058,20komad,Kart. na prekl.,Aromata,0.89,0.04,20155193,Proizvodi za kuæanstvo,0.89
Grickalice za maèke Premium SK3,0143095,0.05,50g,Vrecica,Coshida Pure Taste,1.35,27,4056489024712,Proizvodi za kuæanstvo,1.35
Grickalice za maèke Premium SK3,0143095,0.05,50g,Vrecica,Coshida Pure Taste,1.35,27,4056489024736,Proizvodi za kuæanstvo,1.35
BO Milka Muffins ,0143244,0.22,2x110g,Blister,,2.99,13.59,5413321002755,Hrana,2.99
BO Milka Donut,0143246,0.056,56g,Rasuto,,0.69,12.32,4017040892126,Hrana,0.69
Muškat pjenušavo vino,0143446,0.75,"0,75l",Boca,Allini,4.45,0.06,4056489026532,Piæe,Nije_bilo_u_prodaji_02.05.2025
Voæni sladoled na štapiæu,0143594,0.384,6x60ml,Kart. na prekl.,Gelatelli,1.84,5.11,4056489027492,Hrana,Nije_bilo_u_prodaji_02.05.2025
Drveni ugljen za roštilj,6904364,2.5,"2,5kg",Vreca,,3.49,1.4,3859888141254,Proizvodi za kuæanstvo,3.49
Cedevita Fresh SK1,6904371,0.34,340ml,PET-Boca,,1.12,3.29,3850322013403,Piæe,1.12
z bregov Protein puding vanilija,6904383,0.18,180g,Posudica,,1.29,7.17,3850108040906,Hrana,1.29
z bregov Protein puding èokolada,6904384,0.18,180g,Posudica,,1.29,7.17,3850108040913,Hrana,1.29
Coppa Cocktails Mojito 10%,6904391,0.7,"0,7l",Boca,,9.99,14.27,8712436103768,Piæe,9.99
Coppa Coctails Sex On The Beach,6904393,0.7,"0,7l",Staklo,,9.99,14.27,8712436103843,Piæe,9.99
Papirnati Lampioni Multipack 6/1,6904407,0.955,955g,Pakovanje,-,8.49,1.42,4056489074939,Proizvodi za kuæanstvo,8.49
"Dimljena šunka s kosti, cca. 6kg",6904437,1,ca. 6kg,Vakumir. pakov.,Pikok,4.89,4.89,2845191000000,Hrana,4.89
"Dimljena šunka s kosti, cca. 6kg",6904437,1,ca. 6kg,Vakumir. pakov.,Pikok,4.89,4.89,2845193000000,Hrana,4.89
"Dimljena šunka s kosti, cca. 6kg",6904437,1,ca. 6kg,Vakumir. pakov.,Pikok,4.89,4.89,2845198000000,Hrana,4.89
"Dimljena šunka s kosti, cca. 6kg",6904437,6,ca. 6kg,Vakumir. pakov.,Pikok,4.89,4.89,2845196000000,Hrana,4.89
"Dimljena šunka s kosti, cca. 6kg",6904437,6,ca. 6kg,Vakumir. pakov.,Pikok,4.89,4.89,2845199000000,Hrana,4.89
VGuard dezinfekcijski spray 2u1,6904439,0.1,100ml,PET-Boca,,1.89,18.9,3858891051963,Kozmetika,1.89
Kuhinjski ubrusi Maxi 2-slojni,6904460,1.146,1komad,Pakovanje,Floralys,3.69,3.69,4056489074526,Proizvodi za kuæanstvo,3.69
Premium sladoled SK11,0133116,0.427,500ml,Posudica,Gelatelli,3.99,7.98,20091934,Hrana,3.99
Talijanski desert SK1,0133222,0.34,"4x80g,4x90g",Pakovanje,Milbona,2.79,8.72,40879062,Hrana,2.79
Hrana za pse SK4,0133276,0.4,400g,Limenka,Orlando Gourmet,0.83,2.08,40879413,Proizvodi za kuæanstvo,1.39
Sladoled štapiæi,0133318,0.25,"6x51ml,6x53ml,6x50ml",Kart. na prekl.,Gelatelli,2.34,7.8,4056489814856,Hrana,Nije_bilo_u_prodaji_02.05.2025
Hrana za maèke SK2,0133603,0.34,4x85g,Kart. na prekl.,Coshida Pure Taste,2.19,6.44,20303754,Proizvodi za kuæanstvo,2.19
Gumeni bomboni žabe,0133898,0.3,300g,Vrecica,Sweet Corner,1.61,5.37,20490799,Hrana,1.79
Baby vlažne maramice XXL SK1,0133951,0.554,100komad,Pakovanje,Lupilu,1.49,0.01,40891903,Proizvodi za kuæanstvo,1.49
"Farmer Cookies SK42, UTZ",0134287,0.21,210g,Vrecica,Sondey,2.29,10.9,20301804,Hrana,2.29
Bio tamna èokolada,0134425,0.1,100g,Tabla,Fairglobe,3.29,32.9,40896243,Hrana,3.29
Francuski èips SK25,0134947,0.2,200g,Vrecica,Duc de Coeur,1.39,6.95,20338046,Hrana,1.39
Zvijezda Ketchup Kids,6906723,0.5,500g,Pakovanje,,1.39,2.78,3856015323200,Hrana,1.39
Ukrasna vreæica 32x26x12cm,6906786,0.08,1komad,Pakovanje,,1.45,1.45,3856023020290,Proizvodi za kuæanstvo,1.45
Ukrasna vreæica 32x26x12cm,6906786,0.08,1komad,Pakovanje,,1.45,1.45,3856023029323,Proizvodi za kuæanstvo,1.45
Ukrasna vreæica 32x26x12cm,6906786,0.08,1komad,Pakovanje,,1.45,1.45,3856023029446,Proizvodi za kuæanstvo,1.45
Buèino ulje,6906840,0.46,"0,5l",Staklo,Okusi zavièaja,8.79,17.58,4056489611158,Hrana,8.79
Cappuccino (RFA) SK2,6906884,0.2,200g,Vrecica,Bellarom,1.99,9.95,4056489611189,Piæe,1.99
Violeta Vlažni toaletni papir,6906921,0.454,100komad,Pakovanje,,2.89,0.03,3870128031326,Proizvodi za kuæanstvo,2.89
Zvijezda Majoneza,6906944,0.27,270g,Pakovanje,,2.35,8.7,3856015322098,Hrana,2.65
TOCO Crvena naranèa avokado,6906946,1.53,"1,5l",PET-Boca,,1.69,1.13,3858890878974,Piæe,1.69
"TOCO napitak naranèa, mrkva, nekt.",6906948,1.53,"1,5l",PET-Boca,,1.39,0.93,3858890878790,Piæe,1.39
BO Seljaèko pecivo,5522816,0.085,80g,Rasuto,,0.35,4.38,5907651673490,Hrana,0.35
Cappuccino SK4,5523540,0.13,130g,Vrecica,Bellarom,1.09,8.38,4056489061298,Piæe,1.09
Marshmallow od vanilije,5524178,0.38,380g,Kart. na prekl.,Kuljanka,2.89,7.61,4056489261452,Hrana,2.89
Hrenovke od mesa svinjskog buta,5525684,0.25,250g,Atmos-Pakiranje,Pikok,1.89,7.56,4056489180647,Hrana,1.89
Sred. za posuða u gelu koncen. SK4,5528354,0.918,900ml,PET-Boca,W5,1.49,1.66,4056489259787,Sredstva za èišæenje,1.49
Arapska i latinoameri. tortilla SK1,5530970,0.25,250g,Atmos-Pakiranje,Chef Select,2.59,10.36,4056489283645,Hrana,2.59
Arapska i latinoameri. tortilla SK1,5530970,0.25,250g,Atmos-Pakiranje,Chef Select,2.59,10.36,4335619142718,Hrana,2.59
"Pureæi filet XXL, cca. 1-1,5 kg",5533555,1,"ca.1-1,5kg",Vakumir. pakov.,RZEZNIK,7.69,7.69,2835551000000,Hrana,7.75
"Pureæi filet XXL, cca. 1-1,5 kg",5533555,1,"ca.1-1,5kg",Vakumir. pakov.,RZEZNIK,7.69,7.69,2894259000000,Hrana,7.75
Suha šunka ili peèenica SK1,5535256,0.1,100g,Atmos-Pakiranje,Deluxe,1.99,19.9,4056489358763,Hrana,1.99
Bob Snail voæne rolice SK6,5538170,0.03,30g,Pakovanje,,1.19,1.19,4820162520316,Hrana,1.19
Lovaèka kobasica,5538326,0.25,250g,Atmos-Pakiranje,Kuljanka,2.49,9.96,4056489445395,Hrana,2.49
BBQ umak SK1,5543409,0.354,"350g,355g,360g",PET-Boca,Grillmeister,1.89,5.25,4056489584599,Hrana,1.89
Svinjska potrbušina peèena,5545654,1,cca. 400g,Atmos-Posudica,Kuljanka,9.79,9.79,2848038000000,Hrana,9.79
Izotonièno piæe multifruit,5545787,0.75,"0,75l",PET-Boca,Saguaro,1.19,1.59,4335619034204,Piæe,1.19
Roleski Bel.-taj. crveni umak SK1 ,5547064,0.315,"290g,340g",PET-Boca,,1.06,3.12,5901044028331,Hrana,1.06
Obiteljska pizza SK1,5547113,1,1kg,Pakovanje,Trattoria Alfredo,4.29,4.29,4056489119081,Hrana,4.29
Mini burek rolice SK3,0186840,0.32,320g,Kart. na prekl.,1001 delights,3.49,10.91,20793159,Hrana,3.49
Sir Böreklik Combi,0186982,0.8,800g,Limenka,Milbona,4.99,6.24,4056489808664,Hrana,4.99
High protein jogurt SK1,0187248,0.4,400g,Posudica,Milbona,1.89,4.73,4056489814795,Hrana,1.89
Bio sirup od tapioke,0187762,0.35,350g,Pakovanje,Vemondo,4.29,12.26,4056489817376,Hrana,4.29
Primitivo Merlot Puglia ,0187917,0.75,"0,75l",Boca,-,3.99,5.32,4056489790709,Piæe,3.99
Protein prutiæ 50% 3x45g SK5,0188213,0.135,3x45g,Pakovanje,-,3.89,28.81,4056489822424,Hrana,3.89
Gel za tuširanje SK1,0188521,0.412,400ml,PET-Boca,Cien,1.19,2.98,4056489826910,Kozmetika,1.19
Sapun za ruke Prem. Sizil. St. SK1,0188537,0.515,500ml,PET-Boca,Cien,1.99,3.98,4056489827016,Kozmetika,1.99
Obiteljski šampon SK2,0189434,1.03,1l,PET-Boca,Cien,1.39,1.39,4056489845348,Kozmetika,1.39
Mediteranski zaèini SK2,0189653,0.027,"16g,27g,28g,30g,35g",Staklo,Italiamo,1.59,45.43,20046262,Hrana,1.59
Mediteranski zaèini SK2,0189653,0.027,"16g,27g,28g,30g,35g",Staklo,Italiamo,1.59,45.43,20046361,Hrana,1.59
Mediteranski zaèini SK2,0189653,0.027,"16g,27g,28g,30g,35g",Staklo,Italiamo,1.59,45.43,20046385,Hrana,1.59
Mediteranski zaèini SK2,0189653,0.027,"16g,27g,28g,30g,35g",Staklo,Italiamo,1.59,45.43,20046392,Hrana,1.59
Pesto s tartufima SK1,0192434,0.14,140g,Staklo,Deluxe,1.89,13.5,4056489864868,Hrana,1.89
Pesto s tartufima SK1,0192434,0.14,140g,Staklo,Deluxe,1.89,13.5,4056489864875,Hrana,1.89
Umak sa sirom Feta SK1,0192504,0.177,175ml,Staklo,Eridanous,2.29,13.09,4056489864912,Hrana,1.9
Šeæerna dekoracija Uskrs SK33,0192649,0.027,"11g,12g,16g,25g,4x25g",Kart. na prekl.,Belbake,1.99,165.83,20947125,Hrana,1.99
Šeæerna dekoracija Uskrs SK33,0192649,0.027,"11g,12g,16g,25g,4x25g",Kart. na prekl.,Belbake,1.99,124.38,20947125,Hrana,1.99
Šeæerna dekoracija Uskrs SK33,0192649,0.027,"11g,12g,16g,25g,4x25g",Kart. na prekl.,Belbake,1.99,79.6,4056489442264,Hrana,1.99
Šeæerna dekoracija Uskrs SK33,0192649,0.027,"11g,12g,16g,25g,4x25g",Kart. na prekl.,Belbake,1.99,79.6,4056489865667,Hrana,1.99
Kozji sir SK1,0192758,0.1,100g,Pakovanje,Deluxe,1.99,19.9,4056489868996,Hrana,1.99
Meki sir u salamuri XXL,0193013,1.2,1200g,Limenka,Milbona,10.99,9.16,4056489869887,Hrana,10.99
Kukuruzne grickalice SK1,0193872,0.1,100g,Vrecica,Halloween,1.59,15.9,4056489883067,Hrana,1.59
Punjeni Mochis SK1,0193909,0.18,6x30g,Kart. na prekl.,Deluxe,3.99,22.17,4056489883173,Hrana,3.99
Kokteli 15% SK1,0193932,0.684,0.700l,Boca,,5.49,7.84,4304493268999,Piæe,5.49
Voæni liker 16% SK1,0194045,0.75,"0,7l",Boca,Sunrise,4.99,7.13,4304493270817,Piæe,4.99
Gotova jela za tavu SK57,0194158,0.75,750g,Vrecica,Culinea,4.49,5.99,4056489127284,Hrana,4.49
Edamame SK1,0194604,0.15,150g,Plitica,Vitasia,1.39,9.27,4056489889748,Hrana,1.39
Krumpirov èips SK4,0194631,0.15,150g,Vrecica,Deluxe,1.59,10.6,4056489889908,Hrana,1.59
Sauna za lice,0425942,0.648,1ST,Pakovanje,Silvercrest Personal Care,7,7,4058143075917,Kozmetika,7
Remington Pegla za kosu,0425964,0.33,1ST,Pakovanje,,10,10,5038061138245,Kozmetika,10
Univerzalna krpa od mikrovla. SK10,0085302,0.063,"2komad,3komad",Kart. na prekl.,W5,2.35,0.78,4056489920557,Proizvodi za kuæanstvo,2.35
Èips s okusom slanine/èešnjaka SK1,0085314,0.15,150g,Vrecica,Snack Day,0.99,6.6,40894843,Hrana,0.99
Oral-B Elektrièna èetkica za zube,0435874,0.242,1ST,Pakovanje,,10,10,4210201306801,Kozmetika,10
Èetka za kosu,0435985,0.109,1ST,Pakovanje,Cien BEAUTY,1,1,4335633000209,Kozmetika,1
Èetka za kosu,0435985,0.109,1ST,Pakovanje,Cien BEAUTY,1,1,4335633000230,Kozmetika,1
Pribor za manikuru,0435991,0.018,1ST,Pakovanje,Cien BEAUTY,0.5,0.5,4335633000247,Kozmetika,0.5
Heineken Silver svijetlo pivo 4%,6907878,1.32,"4x0,33l",Limenka,,4.61,3.49,3850103902490,Piæe,4.61
Violeta Papirnati ruè. expert plus,6907894,0.716,290Blatt,Pakovanje,,2.99,2.99,3858893660804,Proizvodi za kuæanstvo,2.99
Cremolli Oblatne,6907915,0.2,200g,Pakovanje,,0.59,2.95,3859892892784,Hrana,0.59
Svježa lignja oèišæena,6907918,0.4,400g,Atmos-Pakiranje,Naša ribarnica,9.99,24.98,4056489925347,Hrana,9.99
omegol Margarin B1 59%,6907923,0.225,225g,Posudica,,1.79,7.96,3856015328625,Hrana,1.79
Brašno tip 550 glatko,6907930,3,3000g,Pakovanje,Belbake,1.69,0.56,4056489925354,Hrana,1.49
Prime Napitak Ice Pop,6907944,0.53,"0,5l",PET-Boca,,2.19,4.38,4262358180469,Piæe,2.19
Podravka Bistra Goveða juha 3 pak.,6907966,0.195,195g,Limenka,,1.95,10,3856020236410,Hrana,1.95
"PP Svježe ""Meðimursko"" mar. pile",6907974,1,"ca. 1,6kg",Pakovanje,,3.69,3.69,2114382000000,Hrana,3.69
"PP Svježe ""Meðimursko"" mar. pile",6907974,1,"ca. 1,6kg",Pakovanje,,3.69,3.69,2114388000000,Hrana,3.69
"PP Svježe ""Meðimursko"" mar. pile",6907974,1,"ca. 1,6kg",Pakovanje,,3.69,3.69,2114389000000,Hrana,3.69
Podravka Dinarski èaj,6907980,0.03,30g,Kart. na prekl.,,1.59,1.59,3856020233983,Piæe,1.59
Spirits of Croatia Smokovaèa 20% v.,6907989,0.5,"0,5l",Boca,,5.79,11.58,3859894287045,Piæe,5.79
Sunlove Šeæerni piling za tijelo,6908048,0.25,250ml,Kozm.posudica,,3.99,15.96,3850177003796,Kozmetika,3.99
Kraš Kolumbo èokolada,6908146,0.1,100g,Pakovanje,,2.59,25.9,3850102521845,Hrana,2.59
Durex Kondomi SK1,6908219,0.019,6komad,Pakovanje,,5.99,1,5997321774916,Proizvodi za kuæanstvo,5.99
Aparat za brijanje,0426131,0.118,1ST,Pakovanje,Silvercrest Personal Care,19.99,19.99,4058143063266,Kozmetika,19.99
Jabuka zelena Granny Smith,0080200,1,1kg,Rasuto,,1.69,1.69,4056489919698,Hrana,1.69
Kruška 1kg,0080281,1,1kg,Pakovanje,,1.99,1.99,20205768,Hrana,2.19
Kruška 1kg,0080281,1,1kg,Pakovanje,,1.99,1.99,7798155403649,Hrana,2.19
Trešnja 500g,0080363,0.5,500g,Pakovanje,,4.99,9.98,20247775,Hrana,3.49
Šljiva 500g,0080415,0.5,500g,Pakovanje,,2.49,4.98,20247799,Hrana,1.89
"Grožðe bijelo 500g, bez koštica",0080505,0.5,500g,Pakovanje,,2.19,4.38,4014071609808,Hrana,2.19
"Grožðe bijelo 500g, bez koštica",0080505,0.5,500g,Pakovanje,,2.19,4.38,7754171000026,Hrana,2.19
"Grožðe bijelo 500g, bez koštica",0080505,0.5,500g,Pakovanje,,2.19,4.38,7898942959165,Hrana,2.19
Ananas,0080611,1.655,1komad,Rasuto,,2.22,2.22,20586386,Hrana,2.49
Ananas,0080611,1.655,1komad,Rasuto,,2.22,2.22,8033229870071,Hrana,2.49
Kivi 1kg,0080682,1,1kg,Pakovanje,,2.49,2.49,20250300,Hrana,2.29
Physalis,0080735,0.1,100g,Pakovanje,,0.49,4.9,20437763,Hrana,1.29
Kupina 125g,0080790,0.125,125g,Pakovanje,,2.19,17.52,20271879,Hrana,1.99
Borovnica 125g,0080820,0.125,125g,Pakovanje,,1.49,11.92,4014071777712,Hrana,1.49
Borovnica 500g,0080824,0.5,500g,Pakovanje,,3.79,7.58,20437367,Hrana,3.79
Bio jabuka zelena 600g,0081548,0.6,600g,Pakovanje,,1.99,3.32,4056489006947,Hrana,1.99
Bio nektarina 500g,0081591,0.5,500g,Pakovanje,,2.79,5.58,20240233,Hrana,2.19
Matovilac,0082051,0.125,125g,Pakovanje,,0.99,7.92,20305871,Hrana,1.29
Povræe za juhu,0082332,0.5,500g,Pakovanje,,1.29,2.58,20342746,Hrana,1.29
Rajèica mini grappolo,0082388,0.5,500g,Pakovanje,,2.49,4.98,20295769,Hrana,2.49
Rajèica mini grappolo,0082388,0.5,500g,Pakovanje,,2.49,4.98,3859889267656,Hrana,2.49
Rajèica koktel 250g,0082410,0.25,250g,Pakovanje,,1.49,5.96,20250379,Hrana,1.49
Domaæa rajèica koktel 250g,0082436,0.25,250g,Pakovanje,,2.29,9.16,20937485,Hrana,2.29
Domaæa rajèica koktel 250g,0082436,0.25,250g,Pakovanje,,2.29,9.16,3859889267182,Hrana,2.29
Paprika mix,0082586,0.5,500g,Pakovanje,,1.69,3.38,20266363,Hrana,1.99
Mini paprika crvena 250g bez koštic,0082623,0.25,250g,Pakovanje,,2.29,15.27,4056489022923,Hrana,2.29
Paprika mini mix 150g,0082669,0.15,150g,Pakovanje,,1.29,8.6,3859893446207,Hrana,1.29
Spužvica za šminku,0441136,0.008,1ST,Pakovanje,Cien BEAUTY,0.5,0.5,4335633057944,Kozmetika,0.5
Cheddar SK4,5206760,0.225,"200g,250g",Pakovanje,Milbona,3.79,18.95,4056489128854,Hrana,3.79
Hoisin mini rebarca,5224582,0.58,580g,Kart. na prekl.,Vitasia,5.99,10.33,4056489895053,Hrana,5.99
"Kare,narezani SK2",5300489,0.3,300g,Atmos-Pakiranje,Hatherwood,2.99,9.97,20688417,Hrana,2.99
Prutiæi punjeni èokoladom RFA,5500248,0.28,280g,Pakovanje,Sondey,1.55,5.54,4052917124139,Hrana,1.55
Sapun SK1,5500714,0.1,100g,Pakovanje,-,0.39,3.9,20819880,Kozmetika,0.39
Aluminijska folija 10 µ,5501064,0.144,1komad,Pakovanje,Aromata,2.29,2.29,20980733,Proizvodi za kuæanstvo,2.29
Punjeni dumplings losos SK2,5501285,0.35,350g,Atmos-Pakiranje,Deluxe,1.79,5.11,20586133,Hrana,1.79
Mesni doruèak,5501822,0.3,300g,Limenka,Pikok,2.49,8.3,20053369,Hrana,2.49
Pribor za manikuru-pedikuru,0426320,0.036,"2ST,1ST",Pakovanje,Cien BEAUTY,1,1,4058143079168,Kozmetika,1
Svježi filet pileæih prsa,6907295,1,ca. 1kg,Vakumir. pakov.,,5.65,5.65,2895140000000,Hrana,5.25
Svježi filet pileæih prsa,6907295,1,ca. 1kg,Vakumir. pakov.,,5.65,5.65,2895146000000,Hrana,5.25
Pelinkovac Vintage 35% alk.,6907296,0.7,"0,7l",Boca,,9.99,14.27,3858894860005,Piæe,9.99
Podravka Goveði gulaš,6907298,0.3,300g,Limenka,,3.49,11.63,3850104020032,Hrana,3.49
"Cedevita Bomboni XXL, SK1",6907321,0.06,60g,Pakovanje,,1.69,28.17,3850322016428,Hrana,1.69
Lacalut Active Pasta za zube,6907339,0.091,75ml,Tuba,,4.29,57.2,4016369726341,Kozmetika,4.29
Juneæi odresci iz buta Frikando,6907397,1,ca. 600g,Atmos-Pakiranje,Naša mesnica,15.99,15.99,2895150000000,Hrana,17.99
Staropramen Svijetlo pivo 5%,6907460,1.32,"4x0,33l",Limenka,,3.49,2.64,3850131006030,Piæe,3.49
Lignja oèišæena,6907468,0.4,400g,Atmos-Pakiranje,Naša ribarnica,9.99,24.98,3859894083876,Hrana,9.99
Dar Vegan Desert vanilija,6907509,0.5,4x125g,Posudica,,1.99,3.98,3850108028119,Hrana,1.99
Craft Dalmatinska kobasica,6907579,0.32,320g,Vakumir. pakov.,Okusi zavièaja,4.49,14.03,4056489925064,Hrana,4.49
Marinirana pileæa krila,6907588,0.5,500g,Atmos-Pakiranje,Naša mesnica,2.79,5.58,4056489611936,Hrana,2.79
"Lješnjak cijeli, 300g",6907608,0.3,300g,Pakovanje,,3.99,13.3,3858893921202,Hrana,3.99
Palmolive Tekuæi sapun SK1,6907657,0.519,500ml,Vrecica,,2.99,5.98,8718951508187,Kozmetika,2.99
Ajax Sredstvo za èišæenje kuæ. SK1,6907666,1.3,1300ml,PET-Boca,,4.39,3.38,8718951358720,Sredstva za èišæenje,4.39
Proteinska ploèica Èoko.,6907684,0.05,50g,Pakovanje,,2.49,49.8,3830081429011,Hrana,2.49
Borotalco Dezodorans u spreju SK1,6907698,0.09,150ml,Pakovanje,,3.49,23.27,8002410040388,Kozmetika,3.89
Palmolive Šampon SK2,6907702,0.363,350ml,PET-Boca,,3.55,10.14,8714789880464,Kozmetika,3.55
Brèiæ Kulen,6907750,1,ca. 600g,Atmos-Pakiranje,,33.99,33.99,2151410000000,Hrana,33.99
Rama Margarin s dodatkom soli,6907755,0.4,400g,Posudica,,1.39,3.48,8719200265158,Hrana,1.39
Sit&Fit Èoko namaz,6907768,0.2,200g,Staklo,,4.59,22.95,3859894203021,Hrana,4.59
Dorina Èokolada s keksom,6907796,0.22,220g,Pakovanje,,1.99,9.05,3850102008797,Hrana,1.99
Melli Aromatica Eko kon. deter. 25p,6907807,1.008,1l,PET-Boca,,7.29,7.29,3857500114501,Sredstva za èišæenje,7.29
Braèki melem s pèel. proiz. SK1,6907826,0.03,30ml,Pakovanje,,3.99,133,0792649585405,Kozmetika,3.99
Solna kiselina 9%,6907860,1.03,1l,PET-Boca,,1.55,1.55,3850376488707,Sredstva za èišæenje,1.55
"'z bregov Tekuæi jogurt 2,8% m.m.",6901015,1,1kg,PET-Boca,,2.42,2.42,3850108030389,Hrana,2.42
Vindija Puding èokolada,6901016,0.125,125g,Posudica,,0.65,5.2,38500039,Hrana,0.65
"'z bregov Svježe mlijeko 3,2% m.m.",6901019,1,1l,PET-Boca,,1.49,1.49,3850108011821,Hrana,1.49
"'z bregov Trajno mlijeko 2,8% m.m.",6901025,1,1l,Pakovanje,,1.02,1.02,3850108020502,Hrana,1.02
Kinder Èokolada 12 komada,6901037,0.15,150g,Pakovanje,,1.99,13.27,4008400202921,Hrana,1.99
Kinder Èokolada 12 komada,6901037,0.15,150g,Pakovanje,,1.99,13.27,4008400203829,Hrana,1.99
"Jaja podni uzgoj, razred M, 10 kom.",6901107,0.58,10komad,Pakovanje,Okusi zavièaja,2.39,0.24,4056489317838,Hrana,2.49
Pitroid Elek. aparat + 10 tableta,6901169,0.119,119g,Pakovanje,,6.45,6.45,3856007902055,Proizvodi za kuæanstvo,6.45
Lino èokolino,6901339,0.6,600g,Vrecica,,4.99,8.32,3850104263453,Hrana,4.29
"Kinder mini èokolada, 120g",6901349,0.12,120g,Vrecica,,2.15,17.92,8000500187500,Hrana,2.15
Tuš za oèi SK3 ,0120329,0.006,1komad,Pakovanje,Cien Beauty,2.35,2.35,20066482,Kozmetika,2.35
Tuš za oèi SK3 ,0120329,0.006,1komad,Pakovanje,Cien Beauty,2.35,2.35,20828639,Kozmetika,2.35
Tuš za oèi SK3 ,0120329,0.006,1komad,Pakovanje,Cien Beauty,2.35,2.35,4056489619826,Kozmetika,2.35
Mekani sladoled u èaši SK1,0120448,0.255,3x170ml,Kart. na prekl.,MCENNEDY,2.29,4.49,20770877,Hrana,2.29
Mekani sladoled u èaši SK1,0120448,0.255,3x170ml,Kart. na prekl.,MCENNEDY,2.29,4.49,20770884,Hrana,2.29
Grickalice SK1,0120556,0.15,150g,Vrecica,MCENNEDY,1.49,9.93,20770976,Hrana,1.49
BO Lisnato pizza,0120948,0.1,90g,Rasuto,,0.59,6.56,20786472,Hrana,0.59
Peèena govedina SK1,0121795,0.09,90g,Atmos-Pakiranje,Deluxe,3.39,37.67,20769888,Hrana,3.39
Ureðaj za èišæenje pora,0433835,0.092,1ST,Pakovanje,Silvercrest Personal Care,5,5,4055334839761,Kozmetika,5
Chilli umaci SK7,0179694,0.108,100ml,Staklo,Kania,1.79,17.9,4056489697084,Hrana,1.79
Tartufo sladoled SK2,0180023,0.18,2x90g,Kart. na prekl.,Italiamo,2.29,12.72,4056489817536,Hrana,2.29
Mix za kolaèe SK1,0180333,0.293,"285g,300g",Kart. na prekl.,Belbake,2.09,6.97,4056489708698,Hrana,2.09
Tvrdi bomboni SK1,0180452,0.095,"80g, 100g",Vrecica,Amanie,1.09,13.63,4056489713340,Hrana,1.09
"Ulošci s Aloe Vera, SK1",0180483,0.167,"20komad,24komad,28komad",Pakovanje,Siempre,2.09,0.09,4056489726340,Proizvodi za kuæanstvo,2.09
Cabanossi SK1,0180492,0.2,200g,Vrecica,Dulano,2.99,14.95,4056489713630,Hrana,2.99
Trio salama,0180746,0.12,120g,Atmos-Pakiranje,Deluxe,3.29,27.42,4056489714910,Hrana,3.29
Ekstra džem miješano voæe,0181095,0.45,450g,Staklo,Maribel,2.59,5.76,4056489719700,Hrana,2.59
Osvj. prostora gel perle SK1,0181540,0.11,110g,Pakovanje,Air by W5,1.59,14.45,4335619105577,Sredstva za èišæenje,1.79
High Protein Jogurt,0182364,0.33,330g,Pakovanje,Milbona,1.29,3.91,4056489745518,Hrana,1.29
Umak piletina s maslacem,0182424,0.285,285g,Staklo,Vitasia,1.79,6.28,4056489745822,Hrana,1.84
Univerzalno sred. za èišæenje SK1,0182565,1,1l,PET-Boca,W5,1.69,1.69,4056489749660,Sredstva za èišæenje,1.69
Pržena kava u zrnu SK1,0182657,0.5,500g,Vrecica,Bellarom,5.99,11.98,4056489713890,Piæe,5.99
Praline majèin dan poklon pakiranje,0183192,0.25,250g,Pakovanje,Für Dich,5.59,22.36,4056489753278,Hrana,5.59
Kotanyi Secrets SK4,0184462,0.035,"25g,30g,35g,38g,40g",Vrecica,,0.79,0.79,9001414037133,Hrana,0.79
Èokoladni napitak u prahu SK4,0184572,0.25,250g,Pakovanje,Deluxe,6.69,26.76,4056489764649,Hrana,6.69
BO Sandwich piletina Kebab ,0185083,0.12,115g,Rasuto,,0.99,8.61,4056489785637,Hrana,0.99
"Gold Pils 4,9%",0185800,3.017,"6x0,5l",Limenka,Perlenbacher,5.69,1.9,4056489789529,Piæe,5.69
Instant kava,0186461,0.1,100g,Staklo,Bellarom,2.79,27.9,4056489786016,Piæe,2.79
Marshmallow hoops,0166205,0.4,400g,Kart. na prekl.,MCENNEDY,2.59,6.48,4056489486039,Hrana,2.59
Losos u lisnatom tijestu SK1,0166719,0.7,700g,Kart. na prekl.,Deluxe,8.09,11.56,4056489490913,Hrana,8.09
Hummus XXL SK1,0167094,0.3,300g,Posudica,Chef Select,1.39,4.63,4056489550396,Hrana,1.39
Princes Krafne SK5,0167106,0.4,400g,Kart. na prekl.,MCENNEDY,5.59,13.98,4056489495628,Hrana,5.59
Tekuæi deterdžent (F) 30 pranja SK1,0167396,1.521,"1,5l",PET-Boca,Formil,3.59,0.12,4056489497189,Sredstva za èišæenje,3.59
Tortilla XXL,0167774,0.74,740g,Pakovanje,Snack Day,2.29,3.09,4056489918196,Hrana,2.29
Family Smoothie SK2,0167992,0.793,"0,75l",PET-Boca,Solevita,3.19,4.25,4304493266698,Hrana,3.19
Family Smoothie SK2,0167992,0.793,"0,75l",PET-Boca,Solevita,3.19,4.25,4304493266711,Hrana,3.19
Lagani snackovi SK8,0168202,0.25,250g,Pakovanje,Culinea,2.79,11.16,20652159,Hrana,2.79
Lagani snackovi SK8,0168202,0.25,250g,Pakovanje,Culinea,2.79,11.16,4056489387893,Hrana,2.79
Nuggetsi èili-sir,0168243,0.3,300g,Kart. na prekl.,El Tequito,2.39,7.97,20832063,Hrana,2.39
Krema za ruke SK7,0168553,0.101,100ml,Tuba,Cien,1.04,10.4,4056489988373,Kozmetika,1.15
Èokoladna jaja,0129437,0.02,20g,Blister,Mister Choc,0.99,0.99,20807603,Hrana,0.99
Kobasica XXL,0130126,0.5,500g,Atmos-Pakiranje,Grillmeister,4.99,9.98,20950415,Hrana,4.99
Claudel/Istara Sirni specijaliteti,0130333,0.195,"150g,200g,220g",Pakovanje,,2.99,19.93,3228021150185,Hrana,2.99
Aromat. koktel na bazi vina Mango,0130416,0.75,"0,75l",Boca,Allini,1.95,2.6,4056489032151,Piæe,1.95
Kobasica za peèenje XXL,0130421,1.08,12x90g,Vakumir. pakov.,Dulano,8.49,7.86,20954659,Hrana,8.49
Grickalice za pse SK1,0130809,0.16,"100g,150g,200g",Vrecica,Orlando,0.89,5.93,20971571,Proizvodi za kuæanstvo,0.89
Grickalice za pse SK1,0130809,0.16,"100g,150g,200g",Vrecica,Orlando,0.89,8.9,20971618,Proizvodi za kuæanstvo,0.89
Sandwich toast,0130856,0.375,375g,Vrecica,Tastino,0.99,2.64,20897291,Hrana,0.99
Double burger SK1,0130913,0.3,300g,Atmos-Pakiranje,MCENNEDY,2.69,8.97,20974961,Hrana,2.69
Ureðaj za uvijanje kose,0426581,0.558,1ST,Pakovanje,,10,10,4058143079687,Kozmetika,10
Kozmetièko ogledalo,0435638,0.301,1ST,Pakovanje,Cien BEAUTY,3,3,4334036084533,Kozmetika,3
Kinder Èokolada,6903514,0.05,50g,Pakovanje,,1.09,21.8,80177609,Hrana,1.09
Duracell Basic K5 SK2,6903598,0.095,5komad,Pakovanje,,6.49,1.3,5000394117815,Proizvodi za kuæanstvo,6.49
Nivea Sun P&M hid.sp. za sunè. ZF30,6903614,0.2,200ml,PET-Boca,,14.99,74.95,5025970022840,Kozmetika,14.99
Pringles Original,0001022,0.165,165g,Limenka,,3.49,21.15,5053990101573,Hrana,3.49
Èetka za kosu,0437870,0.078,1ST,Pakovanje,Cien BEAUTY,1,1,4335633005587,Kozmetika,1
Kozmetièko ogledalo s rasvjetom,0438002,0.28,1ST,Pakovanje,Cien BEAUTY,7,7,4334036092835,Kozmetika,7
Sladoled SK12,0207510,0.445,750ml,Posudica,Italiamo,2.79,3.72,20294519,Hrana,2.79
Grill umak SK2,0207925,0.265,240ml,Boca,Deluxe,1.78,7.42,4335619031241,Hrana,1.78
Djeèje pelene midi,0208360,2.1,92komad,Pakovanje,Lupilu,10.79,0.12,4335619036253,Proizvodi za kuæanstvo,10.79
Riblji Tapas SK33,0208479,0.1,100g,Atmos-Posudica,El Tequito,2.49,24.9,4335619036758,Hrana,2.13
Tortilla èips SK13,0209461,0.2,200g,Vrecica,Snack Day,1.09,5.45,4335619046276,Hrana,1.09
Kapsule za kavu Modena Lungo XXL,0210583,0.285,285g,Kart. na prekl.,Bellarom,6.99,24.53,4335619058095,Piæe,6.99
Gel za tuširanje 3u1,0210659,0.4,400ml,PET-Boca,Cien MEN,1.29,3.23,4335619058484,Kozmetika,1.29
Njega lica SK1,0210714,0.118,"125ml,30ml,50ml",Sortirano,Cien,2.09,41.8,4335619061767,Kozmetika,2.09
Njega lica SK1,0210714,0.118,"125ml,30ml,50ml",Sortirano,Cien,2.09,16.72,4335619061774,Kozmetika,2.09
Premium pizza SK1,0211831,0.42,"430g,427g,403g",Kart. na prekl.,Deluxe,3.72,8.71,4335619069862,Hrana,3.72
"Käsewelt gouda, cca.3kg",0211915,1,ca. 3kg,Pakovanje,,5.99,5.99,2802215000000,Hrana,5.99
Krema od pistacija SK1,0213033,0.19,190g,Staklo,Deluxe,3.79,19.95,4335619082243,Hrana,3.79
Krema od pistacija SK1,0213033,0.19,190g,Staklo,Deluxe,3.79,19.95,4335619082250,Hrana,3.79
Hrskavi muesli XXL SK3,0213241,1,1kg,Kart. na prekl.,Crownfield,5.99,5.99,4335619082991,Hrana,5.99
Pileæe punjene okruglice SK1,0213662,0.28,280g,Atmos-Pakiranje,1001 delights,3.05,10.89,4335619084209,Hrana,3.05
Premium voæni namaz SK2,0214377,0.42,420g,Staklo,Maribel,2.79,6.64,4056489955177,Hrana,2.79
Špageti/Tagliatelle SK1,0215160,0.5,500g,Vrecica,Deluxe,2.29,4.58,4335619092884,Hrana,2.29
Veganski namaz SK1,0215252,0.15,150g,Posudica,Vemondo,1.79,11.93,4335619100961,Hrana,1.79
Krem sir SK84,0215272,0.125,125g,Pakovanje,Milbona,1.99,15.92,4335619101050,Hrana,1.99
Èips limun-papar,0215440,0.2,200g,Vrecica,Deluxe,1.65,8.25,4335619104570,Hrana,1.65
Punjena premium tjestenina SK9,0215573,0.25,250g,Pakovanje,Deluxe,2.69,10.76,4056489884781,Hrana,2.69
Tart sa sirom/ribanim tijestom SK44,0215581,1.25,1250g,Kart. na prekl.,Alpenfest,5.39,4.31,20193461,Hrana,4.99
Štapiæi za dentalnu njegu pasa SK1,0216941,0.27,270g,Vrecica,Orlando,1.49,5.52,4056489069638,Proizvodi za kuæanstvo,1.49
Tjestenina penne,6908229,1,1000g,Vrecica,Combino,1.49,1.49,4056489925743,Hrana,1.49
Ekstra djevièansko maslinovo ulje,6908237,0.75,"0,75l",Staklo,Okusi zavièaja,11.49,15.32,4056489925781,Hrana,11.49
Nivea Dezodorans SK1,6908316,0.155,250ml,Limenka,,6.29,25.16,9005800367484,Kozmetika,6.29
Blanc 5%,6908339,0.5,"0,5l",Limenka,,1.45,2.9,3080216031811,Piæe,1.45
Rio Mare Tunjevina u masl. ulju,6908372,0.48,6x80g,Limenka,,7.99,33.29,8004030005044,Hrana,7.99
Hidra Up Drink naranèa,6908376,0.5,"0,5l",PET-Boca,,1.19,2.38,3850131005651,Piæe,1.19
Afrodita Šampon za kosu Kopr.&Pant.,6908377,0.98,950ml,Pakovanje,,4.79,5.04,3831070661672,Kozmetika,4.79
Podravka Džem marelica,6908390,0.67,670g,Staklo,,3.99,5.96,3856020252502,Hrana,3.99
"Kones Bi Jaja, razred M",6908426,0.57,10komad,Pakovanje,,1.45,0.15,3859891140213,Hrana,1.45
Kutjevo Rosé,6908434,0.75,"0,75l",Boca,,6.49,8.65,3850156001072,Piæe,5.19
"""Venus"" Vranac poluslatko",6908439,1,1l,Boca,,4.49,4.49,3859892866884,Piæe,4.49
Podravka Kviki pereci,6908451,0.3,300g,Vrecica,,1.89,6.3,3856020273750,Hrana,1.89
BIC Maxi upaljaè,6908468,0.022,1komad,Pakovanje,,1.79,1.79,0070330600065,Proizvodi za kuæanstvo,1.79
Ledo Bananko sladoled štapiæ,6908474,0.184,3x85ml,Kart. na prekl.,,3.99,15.65,3850116064147,Hrana,3.99
Ledo King Obsession sladoled štapiæ,6908478,0.258,3x100ml,Kart. na prekl.,,4.49,14.97,3850116037677,Hrana,4.49
"Janjeæi kotleti, cca. 700g",6908515,1,ca. 700g,Atmos-Pakiranje,,24.99,24.99,2894280000000,Hrana,22.99
"Podravka Zimska salama, narezak XXL",6908522,0.3,300g,Atmos-Pakiranje,,5.99,19.97,3856020261900,Hrana,5.99
Merlot kvalitetno vino,6908536,0.75,"0,75l",Boca,Winemakers of Croatia,5.49,7.32,4056489926269,Piæe,5.49
Zorina mast Losion za sunèanje SK1,6908550,0.23,200ml,PET-Boca,,9.49,47.45,3859894008176,Kozmetika,9.49
Zorina mast Los. za nje. tijela SK1,6908555,0.3,300ml,PET-Boca,,6.99,23.3,3859894008008,Kozmetika,6.99
Libresse Ultra Long wing hig. uloš.,6908561,0.225,36komad,Pakovanje,,2.99,0.08,7322540536836,Proizvodi za kuæanstvo,2.99
Libresse Maxi Night wing hig.ul.,6908563,0.198,20komad,Pakovanje,,2.85,0.14,7322540576450,Proizvodi za kuæanstvo,2.85
Mini èokoladice,0098620,0.35,350g,Vrecica,Mister Choc,3.59,10.26,20553081,Hrana,3.59
Baby feferoni SK1,0098636,0.335,370ml,Staklo,El Tequito,1.29,3.49,20561567,Hrana,1.29
Maska za lice 2x8ml SK2,0098722,0.017,1komad,Pakovanje,Cien,0.59,0.59,4056489309062,Kozmetika,0.59
"Vital krema za lice, SK1",0098905,0.051,50ml,Kart. na prekl.,Cien,2.29,45.8,4056489236054,Kozmetika,2.29
"Vital krema za lice, SK1",0098905,0.051,50ml,Kart. na prekl.,Cien,2.29,45.8,4056489236061,Kozmetika,2.29
Wok rezanci prethodno kuhani SK1,0098949,0.3,2x150g,Vrecica,Vitasia,1.29,4.3,20564483,Hrana,1.69
Wok rezanci prethodno kuhani SK1,0098949,0.3,2x150g,Vrecica,Vitasia,1.29,4.3,20567392,Hrana,1.69
Sanitas Set za manikuru - pedikuru,0455169,0.342,1ST,Pakovanje,,10,10,4211125855604,Kozmetika,10
Kutija za nakit,0455552,0.206,1ST,Pakovanje,Esmara,3,3,4335633004313,Kozmetika,3
Nescafé Dolce Gusto Intenso 3x16kom,0000521,0.336,336g,Kutija,,12.79,38.07,7613287336798,Piæe,12.99
Always Ultra Quattro ulošci SK,0000536,0.165,"40komad,24komad,28komad,20komad",Pakovanje,,4.99,0.25,8006540093764,Proizvodi za kuæanstvo,4.99
Always Ultra Quattro ulošci SK,0000536,0.165,"40komad,24komad,28komad,20komad",Pakovanje,,4.99,0.21,8006540093764,Proizvodi za kuæanstvo,4.99
Always Ultra Quattro ulošci SK,0000536,0.165,"40komad,24komad,28komad,20komad",Pakovanje,,4.99,0.25,8006540903766,Proizvodi za kuæanstvo,4.99
Gillette Fusion Sp. zam. britvice,0000592,0.039,12komad,Pakovanje,,23.99,2,8700216075008,Kozmetika,23.99
Old Spice gel za tuš. i šam. WhiteW,0000609,1.049,1l,PET-Boca,,5.99,5.99,8006540818862,Kozmetika,5.99
"Ariel tek. det. Sensitive, 100 pra.",0000669,5.285,5l,PET-Boca,,19.19,3.84,8006540869697,Sredstva za èišæenje,19.19
Nescafe Dolce Gusto Barista ,0000684,0.195,195g,Box,,8.99,46.1,8445290868169,Piæe,8.99
Persil Power kapsule Universal,0000685,0.84,60 komad,Pakovanje,Henkel,18.99,0.32,9000101804263,Sredstva za èišæenje,18.99
Fa Gel za tuširanje SK4,0000719,0.77,750ml,PET-Boca,Henkel,4.99,6.65,5201143728980,Kozmetika,4.99
Taft sprej za kosu PowerCaffe,0000736,0.305,400ml,Sprühdose,Henkel,4.59,11.48,4015100810608,Kozmetika,4.59
Taft sprej za kosu PowerCashm,0000737,0.305,400ml,Sprühdose,Henkel,4.59,11.48,4015100810622,Kozmetika,4.59
Persil Power kapsule Color ,0000750,0.84,60komad,Samost.vreca,Henkel,18.99,0.32,9000101804294,Sredstva za èišæenje,18.99
Persil kapsule Color 44pr.,0000758,0.616,44komad,Samost.vreca,Henkel,14.99,0.34,9000101805161,Sredstva za èišæenje,14.99
"Multivitaminsko piæe min. 12,5%",0000803,1.5,"1,5l",PET-Boca,-,1.25,0.83,4056489966555,Piæe,1.39
"Multivitaminsko piæe min. 12,5%",0000803,1.5,"1,5l",PET-Boca,-,1.25,0.83,4304493259775,Piæe,1.39
Jar tab.  za pranje posuða Platinum,0000823,2.325,140kom,Pakovanje,,23.39,0.17,8006540750285,Sredstva za èišæenje,27.99
Mlijeèni desert SK21,0001004,0.515,900ml,Plitica,Bon Gelati,3.49,3.88,20127978,Hrana,3.49
"Filet lososa s kožom, cca. 200-400g",0124551,1,ca. 200-400g,Pakovanje,-,19.99,19.99,2895633000000,Hrana,19.99
Mlijeèno pecivo,0124645,0.48,480g,Vrecica,Maitre Jean-Pierre,2.29,4.77,4056489025047,Hrana,2.29
Uljni sprej za sunèanje ZF 20,0125381,0.226,250ml,PET-Boca,Cien,5.99,23.96,20897260,Kozmetika,5.99
Mini Mozzarella (OGT) SK5,0125645,0.125,125g,Posudica,Milbona,1.39,11.12,20851750,Hrana,1.39
Skyr (jogurt) voæni SK1,0125984,0.15,150g,Posudica,Pilos,0.95,6.33,20881061,Hrana,0.95
"Èokolada s medom, soli i bademima ",0126078,0.2,200g,Tabla,Fin Carré,3.49,17.45,20884604,Hrana,3.49
Rumenilo SK5,0126194,0.005,1komad,Pakovanje,Cien,2.39,2.39,20030698,Kozmetika,2.39
Rumenilo SK5,0126194,0.005,1komad,Pakovanje,Cien,2.39,2.39,20907990,Kozmetika,2.39
Rumenilo SK5,0126194,0.005,1komad,Pakovanje,Cien,2.39,2.39,20908003,Kozmetika,2.39
Slow cooked Pulled Chicken,0126503,0.55,550g,Kart. na prekl.,MCENNEDY,5.99,10.89,20891695,Hrana,5.99
Maska za kosu SK2,0126801,0.3,300ml,Kozm.posudica,Cien,2.49,8.3,4056489254706,Kozmetika,2.49
Sredstvo za èišæenje stakla,0127088,0.991,1l,PET-Boca,W5,1.79,1.79,20861285,Sredstva za èišæenje,1.79
"Ukrasi za lice, kosu i nokte",0458590,0.023,1ST,Pakovanje,Cien BEAUTY,0.5,0.5,4335747045677,Kozmetika,0.5
"Ukrasi za lice, kosu i nokte",0458590,0.023,1ST,Pakovanje,Cien BEAUTY,0.5,0.5,4335747045684,Kozmetika,0.5
Ureðaj za uklanjanje dlaèica,0458591,0.063,1ST,Pakovanje,Silvercrest Personal Care,3,3,4335747045745,Kozmetika,3
BO Mini krafna sa èokoladom ,0195806,0.024,24g,Rasuto,,0.35,0.35,8590325420017,Hrana,0.35
Jogurt s Yuzu SK1,0196202,0.15,150g,Posudica,Vitasia,0.59,3.93,4056489917656,Hrana,0.59
Masline SK20,0196890,0.15,150g,Plitica,1001 delights,1.95,13,4056489920083,Hrana,1.95
Kuskus SK1,0196894,0.09,"89g,90g",Posudica,1001 delights,1.29,14.33,4056489920106,Hrana,1.29
Gurmanske salame SK1,0196953,0.08,80g,Atmos-Pakiranje,Deluxe,2.29,28.63,4056489920274,Hrana,2.29
"Bio kašica puretina, riža, povræe",0196976,0.22,220g,Staklo,Lupilu,0.95,4.32,4056489920519,Hrana,0.95
Specijalna pasta za zube SK8,0197871,0.154,125ml,Tuba,Dentalux,1.05,8.4,4335619032903,Kozmetika,1.05
"Grickalice za maèke, SK4",0198601,0.15,150g,Vrecica,Coshida,1.29,8.6,4056489936046,Proizvodi za kuæanstvo,1.29
High Protein Pizza SK5,0198603,0.367,"354g,379g",Kart. na prekl.,Trattoria Alfredo,3.99,10.53,4056489754138,Hrana,3.99
Alkalna baterija AAA,0199971,0.14,12komad,Kart. na prekl.,Tronic,2.69,0.22,4335619081130,Proizvodi za kuæanstvo,2.69
Tuna u suncokretovom ulju,0200047,0.74,4x185g,Limenka,Nixe,7.99,10.8,4056489957201,Hrana,7.99
Tuna u vlastitom soku,0200164,0.78,4x195g,Limenka,Nixe,7.99,10.24,4056489957706,Hrana,7.99
Burger SK1,0200893,0.205,"200g,210g",Atmos-Pakiranje,Chef Select,1.99,0.95,4056489962335,Hrana,1.99
"Snickers èokoladica, 50g",0201015,0.05,50g,Pakovanje,,0.99,19.8,5900951311505,Hrana,0.99
High protein sir ribani 10% m.m.,0202058,0.1,100g,Pakovanje,Milbona,1.29,12.9,4056489889533,Hrana,1.29
Burnia SK1,0202065,0.25,460ml,PET-Boca,Deluxe,5.14,11.17,4056489988625,Hrana,5.14
Pšenièno pecivo,0202289,0.22,220g,Vrecica,Tastino,1.49,6.77,4056489989059,Hrana,1.49
Papirnate èaše,0202801,0.061,12komad,Pakovanje,Grillmeister,0.99,0.08,4056489990253,Proizvodi za kuæanstvo,0.99
Kotanyi Zaèini za roštilj,0202883,0.08,80g,Limenka,,1.99,24.88,9001414003305,Hrana,1.99
Kotanyi Zaèini za roštilj,0202883,0.08,80g,Limenka,,1.99,24.88,9001414003329,Hrana,1.99
Kotanyi Zaèini za roštilj,0202883,0.08,80g,Limenka,,1.99,24.88,9001414206881,Hrana,1.99
Pileæe trakice ''Tortilla'' panada,0202960,0.5,500g,Kart. na prekl.,El Tequito,5.49,10.98,4056489993667,Hrana,4.24
Kotanyi Quick & Easy SK2,0203026,0.033,"25g,26g,30g,35g,40g",Vrecica,,0.69,0.69,9001414237182,Hrana,0.69
Pileæi nuggets s povræem SK1,0203251,0.3,300g,Kart. na prekl.,Culinea,2.49,8.3,4056489997054,Hrana,2.49
Double sladoled na štapiæu SK16,0203637,0.288,"4x85ml,4x90ml",Kart. na prekl.,Gelatelli,4.49,12.47,4335619008991,Hrana,4.49
"Mars,Snickers,Twix,Bou.Minis SK2",0203889,0.275,275g,Vrecica,,3.59,13.05,5000159562294,Hrana,3.59
BO Pizza salama & mozzarella,0204100,0.12,115g,Rasuto,,1.59,13.83,4335619009967,Hrana,1.59
Èokoladno pecivo,0205308,0.275,275g,Limenka,Duc de Coeur,2.29,8.33,4335619014664,Hrana,2.29
Smrznuto voæe XXL SK7,0205394,0.925,"1000g,750g",Vrecica,Freshona,4.49,4.49,20535186,Hrana,4.49
XXL Zaèin za salatu u limenci SK1,0205405,0.154,"140g,155g,160g,165g",Limenka,Kania,2.99,18.12,4335619015227,Hrana,2.99
Sladoledne praline u èaši SK1,0205438,0.156,12x13g,Posudica,Gelatelli,3.19,20.45,4335619015388,Hrana,3.19
Ledena kava SK21,0205565,0.261,250ml,Posudica,Milbona,0.99,3.96,20682880,Hrana,0.67
Mlijeèni desert SK73,0206127,0.527,900ml,Plitica,Bon Gelati,3.49,3.88,40896656,Hrana,3.49
Šampon protiv prhuti SK2,0206574,0.411,400ml,PET-Boca,Cien,1.59,3.98,4056489827191,Kozmetika,1.59
Pro Vitamin Šampon 2u1  SK1,0206650,0.413,400ml,PET-Boca,Cien,2.09,5.23,4056489994237,Kozmetika,2.09
Regenerator za kosu SK1,0206654,0.327,330ml,PET-Boca,Cien,2.29,6.94,4056489994305,Kozmetika,2.29
Zott Belriso desert s rižom SK1,0206722,0,200g,Posudica,,0.69,3.45,4014500512266,Hrana,0.69
Zott Monte Mega Original,0206839,0.4,400g,Posudica,,1.89,4.73,4014500516288,Hrana,1.89
Green Story Namaz od povræa SK1,5549128,0.18,180g,Staklo,,1.69,9.39,5900012012396,Hrana,1.69
Gel za tuširanje SK1,5549442,0.52,500ml,PET-Boca,Cien,1.29,2.58,4056489662334,Kozmetika,1.29
Skarby Serowara Sir u komadu SK2,5549887,0.18,180g,Pakovanje,,2.99,16.61,5900857011219,Hrana,2.89
Mlijeèna èokolada s kikirikijem,5550244,0.1,100g,Tabla,,0.69,6.9,5900915029897,Hrana,0.69
Voæni mousse XXL SK5,5550523,0.2,200g,Vrecica,Freshona,0.99,4.95,4056489584421,Hrana,0.99
Voæni mousse XXL SK5,5550523,0.2,200g,Vrecica,Freshona,0.99,4.95,4056489766483,Hrana,0.99
Miris za auto SK3,5552010,0.016,1komad,Pakovanje,W5,1.29,1.29,4056489716587,Sredstva za èišæenje,1.29
Miris za auto SK3,5552010,0.016,1komad,Pakovanje,W5,1.29,1.29,4056489716600,Sredstva za èišæenje,1.29
Miris za auto SK3,5552010,0.016,1komad,Pakovanje,W5,1.29,1.29,4335619035607,Sredstva za èišæenje,1.29
Madej Wróbel Hot Dog,5552639,0.135,135g,Atmos-Pakiranje,,1.29,9.56,5904617389464,Hrana,1.29
Topljeni sir u listiæima SK1,5557931,0.25,250g,Pakovanje,Pilos,1.99,7.96,5901126014108,Hrana,1.99
Topljeni sir u listiæima SK1,5557931,0.25,250g,Pakovanje,Pilos,1.99,7.96,5901126014122,Hrana,1.99
"Gel za tuširanje XXL za muš., SK2",5559508,1,1000ml,PET-Boca,Cien,1.59,1.59,4056489878674,Kozmetika,1.59
"Gel za tuširanje XXL za muš., SK2",5559508,1,1000ml,PET-Boca,Cien,1.59,1.59,4056489878698,Kozmetika,1.59
Omekšivaè Premium 46pr. SK1,5559936,1,"1,012l",PET-Boca,Doussy,1.99,1.97,4056489880233,Sredstva za èišæenje,1.99
Proljetne rolice SK2,5560252,0.23,230g,Atmos-Posudica,Vitasia,2.29,9.96,4056489880899,Hrana,2.29
Gel za pranje rublja SK1,5560585,2.07,"1,98l",PET-Boca,Formil,4.29,2.17,4056489881483,Sredstva za èišæenje,4.29
Gel za tuširanje XXL SK1,5565737,1,1000ml,Pakovanje,Cien,1.99,1.99,4335619035034,Kozmetika,1.99
Good Food Vafli od riže SK1,5566003,0.1,100g,Vrecica,,0.79,7.9,5900125000594,Hrana,0.79
Deterdžent za posuðe SK1,5568840,1.538,"1,5l",PET-Boca,W5,1.59,1.06,4335619095083,Sredstva za èišæenje,Nije_bilo_u_prodaji_02.05.2025
Tomme de Montagne Polutvrdi sir,5601549,0.3,300g,Pakovanje,,3.19,10.63,3271560000756,Hrana,3.19
Turpije za stopala,0444865,0.052,1ST,Pakovanje,Cien BEAUTY,0.5,0.5,4335633058088,Kozmetika,0.5
Umak za salatu sort. SK3,0013078,0.315,300ml,Boca,McEnnedy,1.69,5.63,20148669,Hrana,1.69
Sred. za èišæenje stakla,0013097,0.262,300ml,Limenka,W5,1.29,4.3,4056489197928,Sredstva za èišæenje,1.29
Rašpica za nokte,0452800,0.023,1ST,Pakovanje,Cien BEAUTY,0.5,0.5,4335754041730,Kozmetika,0.5
Pribor za manikuru-pedikuru,0452802,0.035,1ST,Pakovanje,Cien BEAUTY,1,1,4335754012044,Kozmetika,1
Pribor za manikuru-pedikuru,0452802,0.035,1ST,Pakovanje,Cien BEAUTY,1,1,4335754012051,Kozmetika,1
Set kozmetièkih kistova,0452812,0.057,1ST,Pakovanje,Cien BEAUTY,1,1,4335753096694,Kozmetika,1
Sušilo za kosu,0452816,0.687,1ST,Pakovanje,Silvercrest Personal Care,7,7,4335753097097,Kozmetika,7
Sauna za lice,0460305,0.693,1ST,Pakovanje,Silvercrest Personal Care,7,7,4335815034831,Kozmetika,7
Sušilo za kosu,0460307,0.723,1ST,Pakovanje,Silvercrest Personal Care,10,10,4335815034886,Kozmetika,10
Rezaè dlaèica za nos-uši,0460329,0.082,1ST,Pakovanje,Silvercrest Personal Care,1,1,4052916101476,Kozmetika,1
Elektrièna èetkica za zube,0460354,0.355,1ST,Pakovanje,Nevadent,21.99,21.99,4335815028830,Kozmetika,21.99
Pribor za manikuru-pedikuru,0460356,0.039,1ST,Pakovanje,Cien BEAUTY,1,1,4335815035104,Kozmetika,1
Èetka za kosu,0460370,0.105,1ST,Pakovanje,Cien BEAUTY,1,1,4335815035715,Kozmetika,1
Aquafresh djeèja pasta za zube SK2,6903927,0.05,50ml,Tuba,,2.59,51.8,3830029292172,Kozmetika,2.59
Aquafresh djeèja pasta za zube SK2,6903927,0.05,50ml,Tuba,,2.59,51.8,3830029292226,Kozmetika,2.59
Aquafresh djeèja pasta za zube SK2,6903927,0.05,50ml,Tuba,,2.59,51.8,5054563204110,Kozmetika,2.59
Pasta za zube Triple action,6903953,0.154,100ml,PET-Boca,,2.69,26.9,7891024132074,Kozmetika,2.69
Eva Tuna salata Dalmatina,6903959,0.16,160g,Limenka,,1.99,12.44,3856020217617,Hrana,1.99
Pjenušac Bianco brut,6903968,0.75,"0,75l",Boca,Winemakers of Croatia,6.29,8.39,4304493258891,Piæe,6.29
Kinder Cards punjeni keksi,6904069,0.128,128g,Kart. na prekl.,,3.19,24.92,8000500269169,Hrana,3.19
Illy Classic Roast mljevena kava,6904108,0.25,250g,Limenka,,6.99,27.96,8003753920191,Piæe,6.99
"Kiseli kupus, rezani, OM 435g",6904117,0.5,500g,Vakumir. pakov.,Okusi zavièaja,0.89,2.05,3857500063823,Hrana,0.89
"Kiseli kupus glavica, cca. 1kg",6904118,1,ca 1kg,Vakumir. pakov.,Okusi zavièaja,1.79,1.79,2143901000000,Hrana,1.79
Tablete protiv kamenca 60x15g,0171128,0.9,60x15g,Kart. na prekl.,W5,4.59,5.1,4056489698616,Sredstva za èišæenje,4.59
Nature Sredstvo za èišæenje SK2,0171153,0.997,1l,PET-Boca,W5,2.35,2.35,4056489563228,Sredstva za èišæenje,2.35
Paprika s punjenjem SK1,0171424,0.3,300g,Staklo,Deluxe,3.54,11.8,4056489570868,Hrana,3.54
Pesto SK1,0171500,0.19,190g,Staklo,Kania,1.49,7.84,4056489571490,Hrana,1.49
Poklon set lak za nokte,0171702,0.066,3komad,Pakovanje,Cien,1.99,1.99,4056489572701,Kozmetika,1.99
Grèki jogurt SK3,0171973,0.5,500g,Posudica,Milbona,2.19,4.38,4056489745679,Hrana,2.19
Manuka med,0171975,0.25,250g,Staklo,Deluxe,7.99,31.96,4056489790334,Hrana,9.99
Miris za auto sa nadopunom SK1,0172610,0.014,1komad,Pakovanje,W5,0.99,0.99,4056489584025,Sredstva za èišæenje,0.99
Štapiæi za pse,0173483,0.72,4x180g,Vrecica,Orlando,3.09,4.29,4056489601258,Proizvodi za kuæanstvo,3.09
Veganska kava SK1,0173661,0.235,235ml,Posudica,Vemondo,0.79,3.36,4056489591511,Hrana,0.79
Pribor za oblikovanje kose,0478225,0.047,1ST,Pakovanje,Cien BEAUTY,1.49,1.49,4052916228203,Kozmetika,1.99
Cheddar,7407368,0.24,240g,Kart. na prekl.,Hatherwood,3.29,13.71,4056489567455,Hrana,3.29
"Ardenska kobasica, narezak",7407831,1,ca. 160g,Atmos-Posudica,,16.19,16.19,2894963000000,Hrana,16.19
Svježi macarons nogometni,7408732,0.156,12x13g,Blister,Confiserie Firenze,3.89,24.94,4056489741589,Hrana,3.89
Namaz od povræa SK1,7503072,0.115,115g,Plitica,Vemondo,1.09,9.48,4056489332664,Hrana,1.09
Èaj od ðumbira SK2,7505446,0.05,"49,5g",Kart. na prekl.,Lord Nelson,1.39,1.39,4056489332572,Piæe,1.39
Tofu XXL,7509037,0.36,2x180g,Pakovanje,Vemondo,1.69,4.69,4056489529743,Hrana,1.69
Premium punjene datulje SK1,7511270,0.1,100g,Kart. na prekl.,Deluxe,3.19,31.9,4056489855927,Hrana,3.99
RFA Protein èo. prutiæ od sv. sira,7601000,0.04,40g,Pakovanje,Pilos,0.69,0.69,20955427,Hrana,0.69
Tortelloni/Njoki od krumpira SK7,7701351,0.323,"250g,500g",Pakovanje,Combino,0.95,1.9,20830984,Hrana,1.19
Ražnjiæi od carskog mesa,6904660,0.53,530g,Atmos-Pakiranje,Naša mesnica,4.29,8.09,4056489316046,Hrana,5.99
"Marin. BBQ steak,b.k. s.k.,cca.500g",6904672,1,ca. 500g,Atmos-Pakiranje,Naša mesnica,5.79,5.79,2836097000000,Hrana,6.99
"Marin. BBQ steak,b.k. s.k.,cca.500g",6904672,1,ca. 500g,Atmos-Pakiranje,Naša mesnica,5.79,5.79,2836098000000,Hrana,6.99
Èips rebrasti slani,6904743,0.25,250g,Vrecica,Snack Day,1.59,6.36,4056489316138,Hrana,1.59
Marinirani jadr. inæuni u masl.ulju,6904798,0.1,100g,Plitica,Okusi zavièaja,2.29,22.9,4056489316220,Hrana,2.89
"Kefir 3,5% XXL",6904860,1.5,"1,5kg",PET-Boca,Pilos,1.89,1.26,4056489316862,Hrana,1.89
The Pink Stuff Pa. za èišæ. + spuž.,6908921,0.95,1komad,Pakovanje,,6.99,6.99,5060033823903,Sredstva za èišæenje,6.99
"Lješnjak jezgra, 500g",6908936,0.5,500g,Pakovanje,,6.79,13.58,8671020170251,Hrana,6.79
"Teleæa koljenica, cca. 900g",6908937,1,ca. 900g,Atmos-Pakiranje,-,10.49,10.49,2809072000000,Hrana,10.49
"Teleæa koljenica, cca. 900g",6908937,1,ca. 900g,Atmos-Pakiranje,-,10.49,10.49,2809074000000,Hrana,10.49
"Teleæa koljenica, cca. 900g",6908937,1,ca. 900g,Atmos-Pakiranje,-,10.49,10.49,2809075000000,Hrana,10.49
Zorina mast Poklon paket badem i c.,6908943,0.42,1komad,Pakovanje,,11.99,11.99,3859894008695,Kozmetika,11.99
Lasta Èajni kolutiæi,6908980,0.75,750g,Vrecica,,2.65,3.53,3870128029996,Hrana,2.65
Franck Èaj brusnica,6908992,0.052,52g,Kart. na prekl.,,2.29,44.04,3850291055428,Piæe,2.29
"Jaja, razred L, 10kom.",6909000,0.068,10komad,Pakovanje,,2.59,0.26,4027949200007,Hrana,2.59
Proteini.si Oat Cake Toffee Caramel,6909021,0.06,60g,Pakovanje,,0.99,16.5,3830084724045,Hrana,0.99
Di-Go XXL Svježi kvasac,6909055,0.084,2x42g,Pakovanje,,0.79,9.4,5900269202144,Hrana,0.79
Žito Jaja razred M,6909056,1.044,18komad,Pakovanje,,2.75,0.15,3859889611459,Hrana,2.75
ZIK ZAK paprika blagi umak,6909078,0.31,310g,PET-Boca,,1.99,6.42,3856020275709,Hrana,1.99
Dolcela Raspucanci,6909085,0.4,400g,Pakovanje,,2.29,5.73,3856020221485,Hrana,2.29
Talianetta Mac&Cheese ,6909092,0.16,160g,Vrecica,,1.49,9.31,3856020269319,Hrana,1.49
PP Orahovica Nuggets od šarana,6909120,0.24,240g,Kart. na prekl.,,3.29,13.71,3858889834462,Hrana,3.29
Somersby Malina Cider,6909128,0.5,"0,5l",Limenka,,1.39,2.78,3858887585618,Piæe,1.39
Therapy Session IPA,6909145,0.5,"0,5l",Limenka,,1.99,3.98,3858895210168,Piæe,1.99
Maasdamer polutvrdi sir cca. 300g,6909194,1,ca. 300g,Pakovanje,,7.69,7.69,2153406000000,Hrana,7.69
Ekos Schwarzwald torta,6909251,0.95,950g,Pakovanje,,12.19,12.83,3858889619663,Hrana,14.99
Ekos Torta malina-pistacija,6909255,1,1kg,Pakovanje,,14.99,14.99,3858889619649,Hrana,15.49
Boom Box Smoothie kruška-šljiva,6909267,0.2,200g,Pakovanje,,1.69,8.45,3856027802007,Hrana,1.69
Badel Pelinkovac Antique 35% + pra.,6909272,0.7,1komad,Pakovanje,,22.99,22.99,3850112112491,Piæe,22.99
HealthyCo Prote Prot.namaz SK3,7004533,0.4,400g,Limenka,,4.69,11.73,7350021421432,Hrana,4.69
Sriracha majoneza,7007643,0.25,250ml,Boca,Vitasia,2.49,9.96,4056489770787,Hrana,2.16
Pita od sira,7200354,1,1kg,Pakovanje,NOSTJA,3.49,3.49,20372200,Hrana,3.49
Svježe vuèeno tijesto,7201754,0.4,400g,Atmos-Pakiranje,1001 delights,1.19,2.98,20709556,Hrana,1.19
Mini salama SK11,5508067,0.12,120g,Atmos-Pakiranje,Pikok,1.69,14.08,20858520,Hrana,1.69
Lak za nokte SK4,5508886,0.009,8ml,Pakovanje,Cien Beauty,1.19,1.19,5901801633945,Kozmetika,1.19
Lak za nokte SK4,5508886,0.009,8ml,Pakovanje,Cien Beauty,1.19,1.19,5901801634140,Kozmetika,1.19
Lak za nokte SK4,5508886,0.009,8ml,Pakovanje,Cien Beauty,1.19,1.19,5901801661719,Kozmetika,1.19
Lak za nokte SK4,5508886,0.009,8ml,Pakovanje,Cien Beauty,1.19,1.19,5901801661771,Kozmetika,1.19
Lak za nokte SK4,5508886,0.009,8ml,Pakovanje,Cien Beauty,1.19,1.19,5901801661795,Kozmetika,1.19
Lak za nokte SK4,5508886,0.009,8ml,Pakovanje,Cien Beauty,1.19,1.19,5901801661825,Kozmetika,1.19
Lak za nokte SK4,5508886,0.009,8ml,Pakovanje,Cien Beauty,1.19,1.19,5901801661849,Kozmetika,1.19
Lak za nokte SK4,5508886,0.009,8ml,Pakovanje,Cien Beauty,1.19,1.19,5901801663676,Kozmetika,1.19
Lak za nokte SK4,5508886,0.009,8ml,Pakovanje,Cien Beauty,1.19,1.19,5901801663706,Kozmetika,1.19
Svinjske hrenovke XXL,5508889,1,1kg,Atmos-Pakiranje,Kuljanka,6.59,6.59,20901769,Hrana,6.59
Sv. punj. jastuèiæi kupus i gljive,5508982,0.4,400g,Atmos-Posudica,Kuljanka,1.79,4.48,20859534,Hrana,1.79
Edamer u komadu XXL,5509403,0.35,350g,Pakovanje,Pilos,2.29,6.54,20930950,Hrana,2.29
Vafli od riže SK10,5510198,0.1,100g,Vrecica,-,0.89,8.9,4334035960487,Hrana,0.79
Lak za nokte Neon Splash SK4,5511556,0.008,8ml,Pakovanje,Cien Beauty,1.19,148.75,5901801662273,Kozmetika,1.19
Završni sloj za nokte SK1,5511561,0.008,8ml,Pakovanje,Cien Beauty,1.19,148.75,5901801630494,Kozmetika,1.19
Završni sloj za nokte SK1,5511561,0.008,8ml,Pakovanje,Cien Beauty,1.19,148.75,5901801630517,Kozmetika,1.19
Kozmetièki pribor Emily in Paris,0471092,0.029,1ST,Pakovanje,,1,1,4335754012129,Kozmetika,1
Remington Sušilo za kosu,0470286,0.698,1ST,Pakovanje,,27.99,27.99,5038061144604,Kozmetika,27.99
Boom Box Zobeni Smoothie jab. jag.,6908612,0.2,200g,Pakovanje,,1.69,8.45,3856027801338,Hrana,1.69
Boom Box Krekeri mix sjemenki,6908624,0.07,70g,Pakovanje,,0.89,12.71,3856027801420,Hrana,0.89
Ekos kruška s karamelom kolaè,6908634,0.32,320g,Pakovanje,,5.99,18.72,3858889619304,Hrana,Nije_bilo_u_prodaji_02.05.2025
Svj. filet dom. dužièaste pastrve,6908664,0.4,400g,Atmos-Pakiranje,Naša ribarnica,7.99,19.98,4056489926412,Hrana,7.99
Ira Mix cvijeæa u cementnoj posudi,6908688,1.15,1komad,Pakovanje,,19.99,19.99,3856023042261,Proizvodi za kuæanstvo,19.99
Lumen Lampion K3 440g 80 h,6908770,0.365,1kom.,Pakovanje,,1.99,1.99,3870634052174,Proizvodi za kuæanstvo,1.99
Cekin Pileæa hrenovka classic XXL,6908774,1.2,"1,2kg",Vakumir. pakov.,,2.99,2.49,3850159121265,Hrana,2.99
Palmolive Tekuæi sapun SK1,6908784,1.03,1000ml,Vrecica,,4.99,4.99,8714789991993,Kozmetika,4.99
Palmolive Gel za tuširanje SK2,6908812,0.78,750ml,PET-Boca,,4.49,5.99,8693495031158,Kozmetika,4.49
Palmolive Gel za tuširanje SK2,6908812,0.78,750ml,PET-Boca,,4.49,5.99,8693495035972,Kozmetika,4.49
Palmolive Gel za tuš. s pump. SK3,6908816,0.77,750ml,PET-Boca,,4.49,5.99,8693495030243,Kozmetika,4.49
Borotalco Dezodorans u spreju Soft,6908833,0.09,150ml,Pakovanje,,2.09,13.93,8002410045079,Kozmetika,2.09
Finish Tablete Ultimate Plus Lemon,6908840,0.5,36komad,Pakovanje,,11.99,0.33,5908252010974,Sredstva za èišæenje,11.99
Finish sol za perilicu posuða,6908854,4,4kg,Pakovanje,,3.29,0.82,8594002687397,Sredstva za èišæenje,3.29
Tic Tac 100 komada SK1,6908888,0.054,54g,Pakovanje,,1.99,36.85,8000500164976,Hrana,1.99
The Pink Stuff sr. za èišæ. kupaon.,6908915,0.75,750ml,PET-Boca,,2.19,2.92,5060033820117,Sredstva za èišæenje,2.19
Tek. det.za pranje rublja SK2 44pr.,0217088,2.288,"2,2l",PET-Boca,-,3.99,1.81,4056489997900,Sredstva za èišæenje,3.99
Slatki èili umak,0217483,0.812,700ml,Boca,Vitasia,1.89,2.7,20170196,Hrana,1.6
Kotanyi zaèini SK71,0217856,0.038,"33g,35g,36g,48g",Staklo,,2.49,69.17,9001414204245,Hrana,2.49
Maslac za tijelo Tropical Summer,0217859,0.246,250ml,Kozm.posudica,Cien,3.49,13.96,4335619113244,Kozmetika,3.49
Losion za tijelo Trop. Glow,0217860,0.316,250ml,Kozm.posudica,Cien,3.89,15.56,4335619113251,Kozmetika,3.89
Losion za tijelo tropski-kokos,0217863,0.316,250ml,Kozm.posudica,Cien,3.89,15.56,4335619113268,Kozmetika,3.89
Bijela èokolada,0219114,0.1,100g,Tabla,Fin Carré,1.39,13.9,4056489928508,Hrana,1.39
Tekuæi sapun SK1,0219242,0.78,750ml,Vrecica,Cien,1.59,2.12,4335619111035,Kozmetika,1.59
Tortelloni XXL SK8,0219620,0.5,500g,Vrecica,Chef Select,2.35,4.7,20488444,Hrana,2.35
Miris za perilicu posuða 3x4ml SK2,0219681,0.012,3x4ml,Pakovanje,W5,1.39,115.83,4335619129290,Sredstva za èišæenje,1.39
Hrana za pse u umaku SK1,0220161,0.415,415g,Limenka,Bellosan,0.79,1.9,20430580,Proizvodi za kuæanstvo,0.79
Hrana za pse u umaku SK1,0220161,0.415,415g,Limenka,Bellosan,0.79,1.9,20430597,Proizvodi za kuæanstvo,0.79
Hrana za pse u umaku SK1,0220161,0.415,415g,Limenka,Bellosan,0.79,1.9,4335619134829,Proizvodi za kuæanstvo,0.79
"Omekšivaè za rublje, 120 pranja, 3l",0220460,2.997,3l,PET-Boca,Doussy,3.39,1.13,4335619135888,Sredstva za èišæenje,3.39
Španjolski sirevi SK1,0220690,1,"ca. 210g,ca. 230g",Pakovanje,Meine Käserei,29.99,29.99,2896080000000,Hrana,29.99
Španjolski sirevi SK1,0220690,1,"ca. 210g,ca. 230g",Pakovanje,Meine Käserei,29.99,29.99,2896600000000,Hrana,29.99
Jermi Sir Old Amsterdam SK2,0220706,1,ca. 220g,Pakovanje,,24.99,24.99,2845760000000,Hrana,24.99
Španjolski zaèini SK1,0220802,0.062,"55g,75g",Limenka,Sol&Mar,2.19,39.82,4335619136946,Hrana,2.19
Lak za nokte Strawberry Sorbet,0221309,0.011,11ml,Boca,Cien Beauty,1.09,1.09,4335619149175,Kozmetika,1.09
Lak za nokte Spring Stroll,0221310,0.011,11ml,Boca,Cien Beauty,1.09,1.09,4335619149168,Kozmetika,1.09
Sladoled bez dodanog šeæera SK1,0221616,0.29,475ml,Posudica,Gelatelli,3.12,6.57,4335619150720,Hrana,3.12
Liker jagoda 15%,0221687,0.756,"0,7l",Boca,,5.99,8.56,4304493270411,Piæe,5.99
Ginato Pink Grap& an Grap Ita Gin,0221694,0.57,"0,7l",Boca,,13.99,19.99,5060434132079,Piæe,13.99
Grana Padano DOP 16M,0222219,0.2,200g,Pakovanje,,4.35,21.75,8002710400233,Hrana,4.35
Kotanyi slatki zaèini SK72,0222573,0.065,"63g,65g,70g",Staklo,,2.49,39.52,9001414020456,Hrana,2.49
Protein isolat SK1,0224065,0.36,360g,Limenka,,13.99,38.86,4335619172166,Hrana,13.99
Tuna u vlastitom soku,0225088,0.39,2x195g,Limenka,Nixe,3.99,10230.77,4335619179035,Hrana,3.99
Majoneza,0225722,0.25,250ml,PET-Boca,Kania,1.69,6.76,4335619195240,Hrana,1.69
Tart SK1,0226412,0.253,"250g,255g",Kart. na prekl.,Deluxe,2.89,11.56,4335619197732,Hrana,2.89
Sladoled Sea Adventure,0227959,0.59,610ml,Kart. na prekl.,Gelatelli,3.29,5.39,4335619215627,Hrana,3.29
GGN/MSC Sushi SK20,0228627,0.178,"168g,178,5g,185g",Pakovanje,select & go,3.79,20.49,4056489250173,Hrana,3.79
Sushi za dvoje - losos mix,0228648,0.324,"323,5g",Pakovanje,select & go,5.99,18.52,4335619221802,Hrana,5.99
Sushi SK2,0229316,0.195,"190g,200g",Pakovanje,select & go,3.79,19.95,4335619221604,Hrana,3.79
Antipasti namaz SK8,0229358,0.15,150g,Plitica,Deluxe,2.46,16.4,4335619207745,Hrana,2.46
Tuš za usta,0466502,0.35,1ST,Pakovanje,Nevadent,24.99,24.99,4052916307908,Kozmetika,24.99
Kozmetièko ogledalo,0466503,0.307,1ST,Pakovanje,Cien BEAUTY,3,3,4052916219027,Kozmetika,4.99
Kozmetièko ogledalo,0466503,0.307,1ST,Pakovanje,Cien BEAUTY,3,3,4052916219041,Kozmetika,4.99
Sušilo za kosu,0466510,0.663,1ST,Pakovanje,Silvercrest Personal Care,19.99,19.99,4052916243084,Kozmetika,19.99
Pribor za kozmetiku i manikuru,0472274,0.033,1ST,Pakovanje,Cien BEAUTY,1.99,1.99,4052916443941,Kozmetika,1.99
"Zelene masline bez koštice,ATG:850g",6200030,1.6,1700ml,Staklo,Eridanous,6.59,7.75,20111724,Hrana,6.59
Mini ploèice SK2,6200040,0.2,200g,Vrecica,Eridanous,2.79,13.95,20128074,Hrana,2.79
Halva s kakaom,6200042,0.25,250g,Kart. na prekl.,Eridanous,2.29,9.16,20233662,Hrana,1.19
Hrskavi štapiæi SK2,6200286,0.175,175g,Vrecica,Eridanous,1.19,6.8,4056489381426,Hrana,1.19
"Zelene masline, OM 415g",6200499,0.7,720ml,Staklo,Baresa,3.29,7.93,20026424,Hrana,3.29
High protein jogurt SK3,6205528,0.34,2x170g,Pakovanje,Milbona,1.59,4.68,4056489382713,Hrana,1.59
Balzamièni ocat SK2,6207052,0.302,250ml,Boca,Eridanous,1.99,7.96,4056489906186,Hrana,1.6
Feta sir u marinadi,6207924,0.2,200g,Pakovanje,Eridanous,4.49,22.45,4056489264880,Hrana,4.49
Dimljena tuna SK3,6208134,0.16,160g,Kart. na prekl.,Eridanous,1.99,12.44,20353452,Hrana,1.99
"Sladoled vanil.,kakao,karam. banana",6208349,1.5,3000ml,Plitica,Gelatelli,5.59,1.86,4056489382256,Hrana,5.59
"Dalmatinska panceta, narezak",0004871,0.1,100g,Vakumir. pakov.,Okusi zavièaja,2.25,22.5,4056489074212,Hrana,2.25
Domaæi maslac,0004882,0.25,250g,Pakovanje,Okusi zavièaja,2.99,11.96,4056489611219,Hrana,2.99
Knorr Umaci SK1,0004901,0.336,750ml,Kart. na prekl.,,1.49,0.75,4000400117151,Hrana,1.49
Knorr Umaci SK1,0004901,0.336,750ml,Kart. na prekl.,,1.49,0.5,4038700117007,Hrana,1.49
Knorr Umaci SK1,0004901,0.336,750ml,Kart. na prekl.,,1.49,0.75,8711200414352,Hrana,1.49
Knorr Umaci SK1,0004901,0.336,750ml,Kart. na prekl.,,1.49,0.75,8720182078889,Hrana,1.49
Losion za sunèanje sensitive ZF50,0025002,0.15,150ml,Tuba,Cien Sun,4.99,33.27,20546496,Kozmetika,4.99
Sprej za podmazivanje lanca,0025221,0.127,200ml,Limenka,W5,1.99,9.95,20174491,Sredstva za èišæenje,1.99
Francuski Camembert,0025288,0.25,250g,Pakovanje,Milbona,2.99,11.96,20024666,Hrana,2.99
Francuski Camembert,0025288,0.25,250g,Pakovanje,Milbona,2.99,11.96,20127107,Hrana,2.99
Potpuna hrana za pse SK21,0025323,1.24,1240g,Limenka,Orlando,1.89,1.52,20258894,Proizvodi za kuæanstvo,1.89
Kremasti sapun SK4,0025359,0.15,150g,Pakovanje,Cien,0.79,5.27,20229795,Kozmetika,0.79
Mozzarella za pizzu,0025490,0.4,400g,Pakovanje,Italiamo,3.19,7.98,4056489027539,Hrana,3.19
Premium punjena tjestenina SK10,1001938,0.25,250g,Vrecica,Deluxe,1.83,7.32,4335619112865,Hrana,1.83
Gouda u listiæima XXL,0051104,1,1000g,Pakovanje,Milbona,8.99,8.99,20280239,Hrana,8.99
Gouda u listiæima XXL,0051104,1,1000g,Pakovanje,Milbona,8.99,8.99,4056489805335,Hrana,8.99
Djeèji sprej za sunèanje ZF 50+,0051161,0.252,250ml,Boca,Cien Sun,6.99,27.96,4056489368366,Kozmetika,6.99
Grašak,0082220,1,1kg,Rasuto,,1.72,1.72,,Hrana,2.65
Mango,0080711,0.552,1komad,Rasuto,,0.79,0.79,,Hrana,1.29
Paprika babura,0082580,1,1kg,Rasuto,,2.49,2.49,,Hrana,3.99
Mini lubenica,0080537,1,1kg,Rasuto,,1.99,1.99,,Hrana,1.99
Parfem SK4,7713745,0.09,90ml,Boca,,5.69,63.22,,Kozmetika,5.69
Èokolada za kuhanje SK1,0019139,0.2,200g,Pakovanje,Belbake,3.29,16.45,,Hrana,3.29
Mladi kupus,0082913,1,1kg,Rasuto,,0.99,0.99,,Hrana,1.49
Aranžman Bela,6901250,1.12,1komad,Pakovanje,,13.27,13.27,,Proizvodi za kuæanstvo,13.27
Mediteranska predjela SK1,0067706,0.4,"390g,410g",Plitica,Italiamo,4.49,10.95,,Hrana,4.49
Oral-B Elektrièna èetkica za zube,0468132,0.237,1ST,Pakovanje,,10,10,,Kozmetika,10
Germ knedle SK1,5003457,0.56,560g,Kart. na prekl.,Alpenfest,3.49,6.23,,Hrana,3.49
Limeta komad,0080066,0.1,1komad,Rasuto,,0.24,0.24,,Hrana,0.24
Kruška crvena,0080298,1,1kg,Rasuto,,2.49,2.49,,Hrana,2.49
Instant napitak 3u1,5529645,0.018,18g,Vrecica,Bellarom,0.19,0.19,,Piæe,0.19
Grožðe crveno rinfuza,0080490,1,1kg,Rasuto,,5.49,5.49,,Hrana,5.49
BO Krafna marelica,6902004,0.72,12x60g,Pakovanje,,3.3,0.27,,Hrana,3.3
Milka Mlijeèna èokol. s lješnjakom,0000003,0.08,80g,Pakovanje,,1.59,19.88,7622210043931,Hrana,1.99
Nestlé KitKat Classic,0000015,0.042,"41,5g",Pakovanje,Nestlé,1.35,1.35,7613035365414,Hrana,1.25
Always Ultra higijenski ulošci BA,0000017,0.058,"9 komada, 10 komada, 14 komada",Pakovanje,,1.66,0.17,8001841263953,Proizvodi za kuæanstvo,1.66
"Ledeni èaj limun sa šeæerom 1,5l",0000026,1.5,"1,5l",PET-Boca,Freeway,1.05,0.7,4304493256941,Piæe,1.05
Lenor Omekšivaè 60 pranja Sensitiv,0000084,1.8,"1,8l",PET-Boca,,5.57,3.09,8001841375557,Sredstva za èišæenje,5.57
Nescafé Gold,0000124,0.19,190g,Staklo,Nestlé,8.99,47.32,8445290491275,Piæe,8.99
Heinz ketchup od rajèice Top Up,0000130,0.57,570g,PET-Boca,,2.95,5.18,8715700421469,Hrana,2.95
Bref WC Power Active Pine,0000141,0.15,3x50g,Blister,Henkel,5.69,37.93,9000100753340,Sredstva za èišæenje,6.49
Bref WC Power Active Lemon,0000142,0.15,3x50g,Blister,Henkel,5.69,37.93,9000100753371,Sredstva za èišæenje,6.49
Friskies Hrana za pse pil. & janje.,0000173,0.4,4x100g,Pakovanje,Nestlé,2.59,6.48,7613036208161,Proizvodi za kuæanstvo,2.59
Perwoll Tekuæi deter. Black 73 pr.,0000332,4.12,"4,015l",PET-Boca,Henkel,9.35,2.33,9000101576009,Sredstva za èišæenje,9.35
Milka Uskršnji mix ,0000338,0.126,126g,Pakovanje,,2.64,20.95,7622201821203,Hrana,2.64
Pedigree Pseæe poslastice sort SK2,0000347,0.133,"123g,200g,77g",Vrecica,Mars,1.79,14.55,5998749104392,Proizvodi za kuæanstvo,1.79
Pedigree Pseæe poslastice sort SK2,0000347,0.133,"123g,200g,77g",Vrecica,Mars,1.79,23.25,5998749141007,Proizvodi za kuæanstvo,1.79
Nestlé Lion ,0000370,0.042,42g,Pakovanje,Nestlé,1.35,1.35,7613287757029,Hrana,1.25
Gillette Mach3 sport brijaè+patrone,0000373,0.039,1komad,Pakovanje,,10.99,10.99,8700216090285,Kozmetika,10.99
Felix Fantastic Hrana za maèke,0000378,9.18,18x85g,Pakovanje,,8.99,5.88,8445290494221,Proizvodi za kuæanstvo,8.99
Ariel Prašak za pranje rublja 115pr,0000405,6.325,"6,325kg",Pakovanje,,21.49,3.4,8006540940808,Sredstva za èišæenje,26.99
Silan Omekšivaè Aromatherapy Magno.,0000459,2.772,"2,772l",PET-Boca,Henkel,5.99,2.16,9000101581508,Sredstva za èišæenje,5.99
Sladoled štapiæi,0001119,0.528,16x60ml,Kart. na prekl.,Ballino,3.59,3.74,20001278,Hrana,3.59
Lisnato tijesto,0001204,0.5,500g,Vrecica,Culinea,1.29,2.58,20093990,Hrana,1.29
"Jadranska srdela, cijela, smrz.",0001258,1,1kg,Vrecica,Okusi zavièaja,3.49,3.49,20492496,Hrana,3.49
"XXL Tekuæi jogurt 2,8% m.m.",0001294,1.5,"1,5kg",PET-Boca,Pilos,1.69,1.13,20660413,Hrana,1.69
"Svijetlo pivo 3,0%",0001345,0.5,"0,5l",Limenka,Deep,0.69,1.38,4304493257153,Piæe,0.69
Kranjska kobasica,0001372,0.32,320g,Vakumir. pakov.,Pikok,1.99,6.22,20290283,Hrana,1.99
Sezam ploèice SK7,0001419,0.081,3x27g,Pakovanje,Crownfield,0.44,5.43,20190583,Hrana,0.49
Potpuna suha hrana za pse,0001462,2,2kg,Vrecica,Bellosan,3.29,1.65,20053482,Proizvodi za kuæanstvo,3.29
Potpuna suha hrana za pse,0001462,2,2kg,Vrecica,Bellosan,3.29,1.65,4056489714750,Proizvodi za kuæanstvo,3.29
"BO Kajzerica SUS, 60g",0001478,0.06,60g,Rasuto,,0.13,2.17,3859888751804,Hrana,0.13
"Vranac, kvalitetno crno vino",0001483,0.998,1l,Boca,,2.35,2.35,5310140008688,Piæe,2.35
NESTLE After Eight 200g,0001493,0.2,200g,Pakovanje,,2.99,14.95,7613034937575,Hrana,2.69
Carefree Dnevni ulošci sort. SK2,0001496,0.124,56komad,Kart. na prekl.,Johnson & Johnson,3.35,0.06,3574660322613,Proizvodi za kuæanstvo,3.35
"Dukat kiselo vrhnje 12%, 200g",0001560,0.2,200g,Posudica,,0.94,4.7,3850354002024,Hrana,0.94
"Tekuæi jogurt 2,8% m.m.",0001561,1,1kg,PET-Boca,Pilos,1.89,1.89,4304493259645,Hrana,1.89
"b.Aktiv s LGG natur, 150g",0001614,0.15,150g,Posudica,,0.65,4.33,3850354010845,Hrana,0.65
"Dukat Trajno mlijeko 2,8%",0001638,8.245,8x1l,Boca,,6.75,0.84,3850354006077,Hrana,6.75
Bref WC Duo Aktiv Pine,0001690,0.052,50ml,Blister,Henkel,2.65,53,9000100625074,Sredstva za èišæenje,2.65
Bref WC Duo Aktiv Pine,0001690,0.052,50ml,Blister,Henkel,2.65,53,9000100625104,Sredstva za èišæenje,2.65
"Poli mini pileæa posebna, 220g",0001693,0.22,220g,Stanga,,1.99,9.05,2200000000000,Hrana,1.99
"Poli mini pileæa posebna, 220g",0001693,0.22,220g,Stanga,,1.99,9.05,3838977010855,Hrana,1.99
"Poli pileæa posebna, 500g",0001694,0.5,500g,Stanga,,4.25,8.5,2200000000001,Hrana,4.25
"Poli pileæa posebna, 500g",0001694,0.5,500g,Stanga,,4.25,8.5,3838977014051,Hrana,4.25
Sirni namaz SK15,0001780,0.2,200g,Posudica,Milbona,1.49,7.45,20458546,Hrana,1.49
"Voæni jogurt 1,8%, SK45, SK46",0001798,0.25,250g,Posudica,Milbona,0.79,3.16,20033033,Hrana,0.79
Jogurt Duo èokolada SK14,0001804,0.175,175g,Posudica,Pilos,0.89,5.09,20097738,Hrana,0.89
Gouda listiæi,0001811,0.2,200g,Pakovanje,Milbona,2.05,10.25,20092665,Hrana,2.19
Pripr. od svj. sira s voæem SK4,0001817,0.125,125g,Posudica,Milbona,0.55,4.4,20155582,Hrana,0.55
Sirni narezak 3 vrste,0001821,0.25,250g,Pakovanje,Milbona,2.79,11.16,4056489203179,Hrana,2.79
Namaz od vrhnja SK21,0001889,0.2,200g,Plitica,Milbona,1.59,7.95,20109936,Hrana,1.55
Svježa pileæa krila,0001915,1,ca. 500g,Atmos-Pakiranje,Naša mesnica,2.99,2.99,2852005000000,Hrana,4.19
Svježa pileæa krila,0001915,1,ca. 500g,Atmos-Pakiranje,Naša mesnica,2.99,2.99,2852009000000,Hrana,4.19
Svježa pileæa krila,0001915,1,ca. 500g,Atmos-Pakiranje,Naša mesnica,2.99,2.99,2891983000000,Hrana,4.19
"Svježi zrnati sir, SK1",0001932,0.2,200g,Posudica,Milbona,1.29,6.45,20002183,Hrana,1.29
"Rolana lopatica bez kože cca. 1,3kg",0001994,1,"ca. 1,3kg",Vakumir. pakov.,Pikok,5.75,5.75,2819943000000,Hrana,5.75
"Rolana lopatica bez kože cca. 1,3kg",0001994,1,"ca. 1,3kg",Vakumir. pakov.,Pikok,5.75,5.75,2847710000000,Hrana,5.75
Delikates mljevena zaèinska paprika,0002085,0.1,100g,Vrecica,Kania,1.69,16.9,20098322,Hrana,1.69
"Bellarom Minas mljevena kava, 500g",0002160,0.5,500g,Vrecica,Bellarom,6.79,13.58,4056489925446,Piæe,6.79
Nescafé Cappuccino sort.,0002183,0.135,"112g,148g",Kart. na prekl.,Nestlé,4.19,30.81,5011546477633,Piæe,4.19
Nescafé Cappuccino sort.,0002183,0.135,"112g,148g",Kart. na prekl.,Nestlé,4.19,28.31,5011546477640,Piæe,4.19
Nescafé Cappuccino sort.,0002183,0.135,"112g,148g",Kart. na prekl.,Nestlé,4.19,29.1,7613034641366,Piæe,4.19
Nescafé Cappuccino sort.,0002183,0.135,"112g,148g",Kart. na prekl.,Nestlé,4.19,29.1,7613035705746,Piæe,4.19
Nescafé Cappuccino sort.,0002183,0.135,"112g,148g",Kart. na prekl.,Nestlé,4.19,28.31,7613035705746,Piæe,4.19
Nescafé Cappuccino sort.,0002183,0.135,"112g,148g",Kart. na prekl.,Nestlé,4.19,29.1,7613036204897,Piæe,4.19
Nescafé Cappuccino sort.,0002183,0.135,"112g,148g",Kart. na prekl.,Nestlé,4.19,30.81,7613036701990,Piæe,4.19
Okruglice za juhu,0002235,0.2,200g,Vrecica,Kania,0.89,4.45,20003241,Hrana,0.89
"Pšenièna krupica TIP 400, 1kg",0002236,1,1kg,Pakovanje,Okusi zavièaja,0.69,0.69,4056489073642,Hrana,0.99
Špageti od durum pšenice 500g,0002302,0.5,500g,Vrecica,Combino,0.89,1.78,20003463,Hrana,0.99
"Lješnjak jezgra u rinfuzi, cca. 1kg",0002320,1,ca. 1kg,Rasuto,,9.39,9.39,3859890587996,Hrana,9.39
"Thomy Senf delikatesni, 200g",0002611,0.2,200g,Tuba,,2.29,11.45,7613287084163,Hrana,2.29
"Fanta Orange, 0,5l",0002651,0.52,"0,5l",PET-Boca,Coca-Cola,1.12,2.24,5449000322142,Piæe,1.12
"Premium Pils pivo 4,9%",0002704,0.504,"0,5l",Limenka,Perlenbacher,0.99,1.98,4304493261419,Piæe,0.99
"Mini piškote, UTZ",0002725,0.25,250g,Vrecica,Tastino,1.35,5.4,20076092,Hrana,1.35
Svinjska mast,0002762,1,1kg,Kanta,Okusi zavièaja,2.19,2.19,20492564,Hrana,2.19
Airwaves žvakaæe gume SK2,0002906,0.014,14g,Pakovanje,Mars,0.99,0.99,42212041,Hrana,0.99
Orbit žvakaæe gume sort. I,0002907,0.014,14g,Pakovanje,Mars,0.99,0.99,42113270,Hrana,0.99
Orbit žvakaæe gume sort. I,0002907,0.014,14g,Pakovanje,Mars,0.99,0.99,50173822,Hrana,0.99
Milka Èokolada sort.,0002911,0.281,"270g, 276g, 300g",Pakovanje,,5.99,21.7,7622210683724,Hrana,5.99
Milka Èokolada sort.,0002911,0.281,"270g, 276g, 300g",Pakovanje,,5.99,19.97,7622210683724,Hrana,5.99
Milka Èokolada sort.,0002911,0.281,"270g, 276g, 300g",Pakovanje,,5.99,22.19,7622210702562,Hrana,5.99
Milka Èokolada sort.,0002911,0.281,"270g, 276g, 300g",Pakovanje,,5.99,19.97,7622210702562,Hrana,5.99
Milka Èokolada sort.,0002911,0.281,"270g, 276g, 300g",Pakovanje,,5.99,19.97,7622300134532,Hrana,5.99
"Biskvit SK2, SK13 400g",0002940,0.4,400g,Pakovanje,Confiserie Firenze,2.49,6.23,20139773,Hrana,2.69
"Biskvit rolada SK3, 300g",0002945,0.3,300g,Pakovanje,Tastino,1.59,5.3,20223212,Hrana,1.59
Vafel s 32% svj. jaja,0002969,0.25,250g,Pakovanje,Confiserie Firenze,1.99,7.96,4056489182528,Hrana,1.99
Kompletna hrana za maèke SK19,0003002,0.1,100g,Plitica,Coshida,0.45,4.5,20407483,Proizvodi za kuæanstvo,0.45
"Whiskas Izab. obroci, 4x100g SK1",0003004,0.4,4x100g,Pakovanje,Mars,2.37,5.93,4770608241049,Proizvodi za kuæanstvo,2.37
Suha hrana za pse s govedinom,0003022,10,10kg,Vrecica,Bellosan,9.99,1,4056489736523,Proizvodi za kuæanstvo,9.99
Potpuna suha hrana za pse s inulin.,0003025,3,3kg,Vrecica,Orlando,5.49,1.83,4056489142683,Proizvodi za kuæanstvo,5.49
Šampon za svakodne. pranje kose SK6,0003034,0.515,500ml,PET-Boca,Cien,0.95,1.9,20153786,Kozmetika,1.39
Šampon za svakodne. pranje kose SK6,0003034,0.515,500ml,PET-Boca,Cien,0.95,1.9,20303693,Kozmetika,1.39
Šampon za svakodne. pranje kose SK6,0003034,0.515,500ml,PET-Boca,Cien,0.95,1.9,4056489815594,Kozmetika,1.39
Pjena za kosu SK8,0003050,0.22,250ml,Limenka,Cien,1.33,5.32,4335619134393,Kozmetika,1.59
Lak za kosu SK13,0003054,0.31,400ml,Limenka,Cien,1.98,4.95,20220419,Kozmetika,2.39
Lak za kosu SK13,0003054,0.31,400ml,Limenka,Cien,1.98,4.95,20398620,Kozmetika,2.39
Lak za kosu SK13,0003054,0.31,400ml,Limenka,Cien,1.98,4.95,4056489233084,Kozmetika,2.39
Lak za kosu SK13,0003054,0.31,400ml,Limenka,Cien,1.98,4.95,4335619217102,Kozmetika,2.39
"Cedevita Instant nap., SK5, 200g",0003086,0.2,200g,Posudica,,2.09,10.45,3850322003527,Piæe,2.09
"Cedevita Instant nap., SK5, 200g",0003086,0.2,200g,Posudica,,2.09,10.45,3850322003534,Piæe,2.09
"Cedevita Instant nap., SK5, 200g",0003086,0.2,200g,Posudica,,2.09,10.45,3850322006832,Piæe,2.09
"Cedevita Instant nap., SK5, 200g",0003086,0.2,200g,Posudica,,2.09,10.45,3850322010372,Piæe,2.09
"Cedevita Instant nap., SK5, 200g",0003086,0.2,200g,Posudica,,2.09,10.45,3850322016244,Piæe,2.09
Q10 krema za lice protiv bora SK7 ,0003089,0.051,50ml,Kart. na prekl.,Cien,2.89,57.8,20120061,Kozmetika,2.89
Q10 krema za lice protiv bora SK7 ,0003089,0.051,50ml,Kart. na prekl.,Cien,2.89,57.8,20151867,Kozmetika,2.89
Losion/Mlijeko za tijelo SK2,0003091,0.489,500ml,PET-Boca,Cien,1.99,3.98,20159412,Kozmetika,1.99
Pjena za brijanje sensitive,0003108,0.294,300ml,Limenka,Cien MEN,1.59,5.3,20006853,Kozmetika,1.59
Pjena za brijanje sensitive,0003108,0.294,300ml,Limenka,Cien MEN,1.59,5.3,4056489323051,Kozmetika,1.59
"Signal zubna pasta sort., 75ml",0003124,0.075,75ml,Tuba,,2.69,35.87,5900300856794,Kozmetika,2.19
Domestos sort.,0003183,0.75,750ml,Boca,,2.49,3.32,5996037079780,Sredstva za èišæenje,2.49
Domestos sort.,0003183,0.75,750ml,Boca,,2.49,3.32,8718114630106,Sredstva za èišæenje,2.49
Tekuæe sred. za osvjež. WC-a SK23,0003185,0.165,3x55ml,Pakovanje,W5,1.45,8.79,20054700,Sredstva za èišæenje,1.45
Djeèje vlažne maramice,0003242,0.385,80komad,Pakovanje,Lupilu,1.09,0.01,20117009,Proizvodi za kuæanstvo,1.09
Djeèje vlažne maramice,0003242,0.385,80komad,Pakovanje,Lupilu,1.09,0.01,20406844,Proizvodi za kuæanstvo,1.09
Kondomi od prirodnog lateksa SK1,0003281,0.013,12komad,Pakovanje,Mondos,1.89,0.16,4056489774167,Proizvodi za kuæanstvo,1.89
Spužva za masiranje SK1,0003311,0.009,1komad,Pakovanje,Cien,0.65,0.65,20059910,Proizvodi za kuæanstvo,0.65
Podravka Pasirana rajèica,0003452,0.5,500g,Pakovanje,,1.09,2.18,3850104073656,Hrana,1.09
Voæni nektar marelica,0003528,1.267,"6x0,2l",Pakovanje,Solevita,2.29,1.91,20051341,Piæe,2.29
"Kinder Bueno 3 pack, 3x43g",0003606,0.129,3x43g,Pakovanje,,3.19,24.73,4008400320328,Hrana,3.19
Palette Int. Color Creme boja SK4,0003664,0.11,1komad,Kart. na prekl.,Henkel,4.25,4.25,3838824159416,Kozmetika,5.25
Palette Int. Color Creme boja SK4,0003664,0.11,1komad,Kart. na prekl.,Henkel,4.25,4.25,3838824349244,Kozmetika,5.25
"Axe Bodyspray sort., 150ml ",0003696,0.097,150ml,Limenka,,4.55,30.33,8712561119627,Kozmetika,4.55
"Axe Bodyspray sort., 150ml ",0003696,0.097,150ml,Limenka,,4.55,30.33,8718114650708,Kozmetika,4.55
Dj. èetkica za zube,0003757,0.039,2komad,Pakovanje,Dentalux,0.89,0.45,20148560,Kozmetika,0.89
Biljni liker 35% Vol.,0003769,0.704,"0,7l",Boca,Jagdstolz,5.19,7.41,4304493262317,Piæe,5.19
Topljeni sir u kadicama SK18,0003834,0.2,200g,Posudica,Milbona,1.89,9.45,20002602,Hrana,1.89
Topljeni sir u kadicama SK18,0003834,0.2,200g,Posudica,Milbona,1.89,9.45,4056489117605,Hrana,1.89
Pesto SK17,0003914,0.19,190g,Staklo,Baresa,1.85,9.74,20425555,Hrana,1.85
Pro Vitamin balzam za kosu SK9,0003947,0.299,300ml,PET-Boca,Cien,1.49,4.97,4056489176350,Kozmetika,1.49
Vreæe za smeæe 60l,0003966,0.617,25komad,Pakovanje,Purio,2.35,0.09,20124786,Proizvodi za kuæanstvo,2.35
Kinder Milchschnitte 5x28g,0004450,0.14,5x28g,Pakovanje,,2.99,21.36,40084794,Hrana,2.99
Kinder Pingui 4x30g,0004451,0.12,4x30g,Pakovanje,,2.39,19.92,8000500119716,Hrana,2.39
Old Spice Deo stick,0004454,0.056,50ml,PET-Boca,,3.85,77,4084500490581,Kozmetika,3.85
Old Spice Deo stick,0004454,0.056,50ml,PET-Boca,,3.85,77,4084500940383,Kozmetika,3.85
Old Spice Deo stick,0004454,0.056,50ml,PET-Boca,,3.85,77,8006530000253,Kozmetika,3.85
Nestlé Smarties Mini 18kom.,0004455,0.259,259g,Vrecica,Nestlé,5.99,23.13,7613035312074,Hrana,4.99
Nestlé Smarties Mini 18kom.,0004455,0.259,259g,Vrecica,Nestlé,5.99,23.13,7613035312098,Hrana,4.99
Heineken pivo 5.0 %,0004768,0.5,"0,5l",Limenka,,1.67,3.34,5998822360189,Piæe,1.67
"Mallow Cocktail, 300g",0004840,0.3,300g,Vrecica,Sweet Corner,1.99,6.63,4056489213949,Hrana,1.99
Gillette Mach 3 Start britvice,0004841,0.014,4komad ,Pakovanje,,11.15,2.79,7702018499939,Kozmetika,11.15
"Dove Gel za tuširanje sort., 250ml",0004967,0.258,250ml,Boca,,2.99,11.96,4000388440609,Kozmetika,2.99
"Dove Gel za tuširanje sort., 250ml",0004967,0.258,250ml,Boca,,2.99,11.96,8710908317361,Kozmetika,2.99
Gouda komad,0004984,0.4,400g,Pakovanje,Pilos,3.95,9.88,5900120065871,Hrana,3.95
Nestlé Nescafe 2u1/3u1,0005074,0.137,"80g, 140g, 155g",Vrecica,,2.99,21.36,7613032921125,Piæe,2.99
Nestlé Nescafe 2u1/3u1,0005074,0.137,"80g, 140g, 155g",Vrecica,,2.99,37.38,8445290099785,Piæe,2.99
Nestlé Nescafe 2u1/3u1,0005074,0.137,"80g, 140g, 155g",Vrecica,,2.99,37.38,8445291261044,Piæe,2.99
"BO Kruh s krumpirom, 400g",0005083,0.4,400g,Rasuto,,1.15,2.88,3859890733584,Hrana,1.15
"Argeta Kokošja pašteta SK2, 95g",0005140,0.095,95g,Limenka,,1.39,14.63,3838975567016,Hrana,1.39
"Suha svinjska peèenica, cca. 400g",0005471,1,ca. 400g,Vakumir. pakov.,Okusi zavièaja,14.99,14.99,2854710000000,Hrana,14.99
Evropa Bombon Noire,0005508,0.1,100g,Vrecica,,0.79,7.9,5310002360749,Hrana,0.79
"Pureæa prsa, narezana",0005525,0.1,100g,Atmos-Pakiranje,Pikok,1.29,12.9,20950170,Hrana,1.29
Svježa pileæa jetra i srca,0005595,0.5,500g,Atmos-Pakiranje,Naša mesnica,1.4,2.8,3831006610323,Hrana,1.59
Svježa pileæa jetra i srca,0005595,0.5,500g,Atmos-Pakiranje,Naša mesnica,1.4,2.8,3857500012210,Hrana,1.59
Svježa pileæa jetra i srca,0005595,0.5,500g,Atmos-Pakiranje,Naša mesnica,1.4,2.8,4052917409335,Hrana,1.59
"Coca Cola 5+1 gratis, 6x0,33l",0005627,2.06,"6x0,33l",Limenka,Coca-Cola,5.25,3.18,5000112652857,Piæe,5.25
"Coca Cola 5+1 gratis, 6x0,33l",0005627,2.06,"6x0,33l",Limenka,Coca-Cola,5.25,3.18,5449000000965,Piæe,5.25
Axe gel za tuširanje sort.,0005639,0.257,250ml,Boca,,2.99,11.96,8710447276631,Kozmetika,2.99
Axe gel za tuširanje sort.,0005639,0.257,250ml,Boca,,2.99,11.96,8711600359659,Kozmetika,2.99
Axe gel za tuširanje sort.,0005639,0.257,250ml,Boca,,2.99,11.96,8712561650366,Kozmetika,2.99
Tic Tac SK5,0005761,0.018,18g,Pakovanje,,0.79,0.79,42378563,Hrana,0.79
"Kukuruzno brašno, 1kg",0005804,1,1kg,Vrecica,Okusi zavièaja,0.99,0.99,20538774,Hrana,0.99
Èeš. trajna kobasica Vysoèina,0005879,0.7,700g,Vakumir. pakov.,Pikok,6.69,9.56,20073541,Hrana,6.69
Sensodyne Pasta za zube SK2,0005894,0.075,75ml,Tuba,,3.95,52.67,4026600848800,Kozmetika,3.95
Sensodyne Pasta za zube SK2,0005894,0.075,75ml,Tuba,,3.95,52.67,5054563042996,Kozmetika,3.95
Schauma šampon sort.,0005896,0.52,400ml,Boca,,3.17,7.93,3838824138923,Kozmetika,3.17
Schauma šampon sort.,0005896,0.52,400ml,Boca,,3.17,7.93,4015000911061,Kozmetika,3.17
Schauma šampon sort.,0005896,0.52,400ml,Boca,,3.17,7.93,4015000911078,Kozmetika,3.17
"Barcaffe mljevena kava, 175g",0005915,0.175,175g,Vrecica,,4.29,24.51,3838471041300,Piæe,4.29
Mladi istarski sir,0005927,0.3,300g,Vakumir. pakov.,Okusi zavièaja,5.29,17.63,20451233,Hrana,5.29
Nivea Dezodorans roler SK1,0005958,0.052,50ml,Pakovanje,,3.95,79,42241560,Kozmetika,3.95
Njoki s nadj. slanina-brie/sir SK1,0006148,0.5,500g,Plitica,Italiamo,2.49,4.98,20305109,Hrana,2.49
"Mesni doruèak, 100g",0006221,0.1,100g,Posudica,Pikok,0.79,7.9,20491642,Hrana,0.79
Raid Sprej protiv muha i komaraca,0006230,0.409,400ml,Limenka,,5.39,13.48,5000204342468,Proizvodi za kuæanstvo,5.39
Amadori Svježi pureæi batak vp,0006274,1,cca. 1000g,Vakumir. pakov.,,2.39,2.39,2521040000000,Hrana,2.39
Kruškovac 25% vol.,0006304,1.08,1l,Boca,Alliance,7.89,7.89,4304493256392,Piæe,7.89
Šunka narezak,0006391,0.1,100g,Atmos-Pakiranje,Pikok,0.99,9.9,20779849,Hrana,0.99
"Svježa pileæa leða, cca. 750g",0006457,1,ca. 750g,Atmos-Pakiranje,Naša mesnica,1.69,1.69,2136946000000,Hrana,1.69
"Svježa pileæa leða, cca. 750g",0006457,1,ca. 750g,Atmos-Pakiranje,Naša mesnica,1.69,1.69,2852038000000,Hrana,1.69
"Svježa pileæa leða, cca. 750g",0006457,1,ca. 750g,Atmos-Pakiranje,Naša mesnica,1.69,1.69,2891137000000,Hrana,1.69
"Svježa pileæa leða, cca. 750g",0006457,1,ca. 750g,Atmos-Pakiranje,Naša mesnica,1.69,1.69,2891138000000,Hrana,1.69
Danone Actimel BA 4x100g,0006461,0.4,4x100g,PET-Boca,Danone,1.59,3.98,5997536112558,Hrana,1.59
Danone Actimel BA 4x100g,0006461,0.4,4x100g,PET-Boca,Danone,1.59,3.98,5997536134314,Hrana,1.59
"Svježa pileæa prsa, bk sk, cca 500g",0006488,1,ca. 500g,Atmos-Pakiranje,Naša mesnica,5.89,5.89,2852052000000,Hrana,5.89
Svježi pileæi batak,0006489,1,ca. 500g,Atmos-Pakiranje,Naša mesnica,4.09,4.09,2852019000000,Hrana,4.09
Svježi pileæi batak,0006489,1,ca. 500g,Atmos-Pakiranje,Naša mesnica,4.09,4.09,2891960000000,Hrana,4.09
Svježi pileæi batak,0006489,1,ca. 500g,Atmos-Pakiranje,Naša mesnica,4.09,4.09,2891962000000,Hrana,4.09
Evropa Jadran vafli,0006555,0.3,300g,Pakovanje,,1.79,5.97,5310002702525,Hrana,1.79
"Dalmatinski pršut, narezak",0006594,0.1,100g,Vakumir. pakov.,Okusi zavièaja,2.99,29.9,20661243,Hrana,2.99
"Cvjetni med, 450g",0006631,0.45,450g,Staklo,Okusi zavièaja,3.98,8.84,4056489610908,Hrana,3.98
"Kiseli kupus, rezani",0006639,0.5,500g,Vakumir. pakov.,Okusi zavièaja,0.99,1.98,20492328,Hrana,0.99
Istarski tvrdi sir XXL,0006651,0.4,400g,Vakumir. pakov.,Okusi zavièaja,5.99,14.98,20492465,Hrana,5.99
"Orah kiflice, 400g",0006656,0.4,400g,Pakovanje,Okusi zavièaja,3.99,9.98,20492106,Hrana,3.99
"Mlinci, 250g",0006662,0.25,250g,Vrecica,Okusi zavièaja,0.99,3.96,20492298,Hrana,0.99
Kant salama,0006672,0.5,500g,Pakovanje,Pikok,5.69,11.38,20147204,Hrana,5.59
"Svježi pileæi zabatak, cca. 500g",0006675,1,ca. 500g,Atmos-Pakiranje,Naša mesnica,4.09,4.09,2137107000000,Hrana,4.09
"Svježi pileæi zabatak, cca. 500g",0006675,1,ca. 500g,Atmos-Pakiranje,Naša mesnica,4.09,4.09,2852040000000,Hrana,4.09
"Svježi pileæi zabatak, cca. 500g",0006675,1,ca. 500g,Atmos-Pakiranje,Naša mesnica,4.09,4.09,2852043000000,Hrana,4.09
"Svježi pileæi zabatak, cca. 500g",0006675,1,ca. 500g,Atmos-Pakiranje,Naša mesnica,4.09,4.09,2866750000000,Hrana,4.09
"Svježi pileæi zabatak, cca. 500g",0006675,1,ca. 500g,Atmos-Pakiranje,Naša mesnica,4.09,4.09,2891970000000,Hrana,4.09
"Svježi pileæi zabatak, cca. 500g",0006675,1,ca. 500g,Atmos-Pakiranje,Naša mesnica,4.09,4.09,2891974000000,Hrana,4.09
"Svježi pileæi zabatak, cca. 500g",0006675,1,ca. 500g,Atmos-Pakiranje,Naša mesnica,4.09,4.09,2891975000000,Hrana,4.09
"Svježi pileæi zabatak, cca. 500g",0006675,1,ca. 500g,Atmos-Pakiranje,Naša mesnica,4.09,4.09,2891979000000,Hrana,4.09
"Svježi pileæi zabatak, cca. 500g",0006675,1,ca. 500g,Atmos-Pakiranje,Naša mesnica,4.09,4.09,3858890930955,Hrana,4.09
"Èokolada s rižom, 200g",0006682,0.2,200g,Tabla,Fin Carré,2.99,14.95,20492113,Hrana,2.99
"Mentol bomboni, 100g",0006684,0.1,100g,Vrecica,Amanie,0.59,5.9,20492137,Hrana,0.59
"Nutella, 1kg",0006686,1,1kg,Staklo,,9.49,9.49,8000500166819,Hrana,9.49
Gillette Pjena za brijanje sort.,0006712,0.196,200ml,Limenka,,2.89,14.45,3014260228682,Kozmetika,2.89
Gillette Pjena za brijanje sort.,0006712,0.196,200ml,Limenka,,2.89,14.45,7702018094455,Kozmetika,2.89
Šiš æevapèiæi Hot Klassic,0007227,0.32,320g,Atmos-Pakiranje,Naša mesnica,3.29,10.28,20538927,Hrana,3.29
Limoncino Or. di Sorrento 30% vol.,0007447,0.524,"0,5l",Boca,-,5.49,10.98,20419820,Piæe,5.49
Nivea Sun Djeèji losion ZF50+,0007522,0.2,200ml,PET-Boca,,15.99,79.95,4005808439836,Kozmetika,15.99
M&M's SK2,0007674,0.214,"187g,220g",Samost.vreca,,3.29,14.95,5000159472050,Hrana,3.29
Air Wick Fresh Matic Refill sort.,0008404,0.17,250ml,Limenka,,6.69,26.76,3059943009042,Sredstva za èišæenje,6.69
Air Wick Fresh Matic Refill sort.,0008404,0.17,250ml,Limenka,,6.69,26.76,5997321756868,Sredstva za èišæenje,6.69
"Svježe pile, cca. 1,5kg",0008692,1,"ca. 1,5kg",Pakovanje,Naša mesnica,2.69,2.69,2103290000000,Hrana,3.09
"Pinot crni, kvalitetno crno vino",0008925,0.745,"0,75l",Boca,Winemakers of Croatia,5.49,7.32,4304493256651,Piæe,5.49
"Cabernet Sauvignon, kval. crno vino",0008926,0.743,"0,75l",Boca,Winemakers of Croatia,5.49,7.32,4304493256668,Piæe,5.49
Chardonnay bijelo vino,0008929,0.742,"0,75l",Boca,Winemakers of Croatia,5.49,7.32,4304493256682,Piæe,5.49
"Mineralna voda negazirana, 0,5l",0008993,0.5,"0,5l",PET-Boca,Saguaro,0.37,0.74,4304493256569,Piæe,0.37
"Koestlin Paris Retro keksi, 300g ",0009002,0.3,300g,Kart. na prekl.,,1.69,5.63,3856014114175,Hrana,1.69
"Pošip, vrhunsko bijelo vino ",0009006,0.744,"0,75l",Boca,Winemakers of Croatia,5.99,7.99,4304493259065,Piæe,5.99
"Ajvar SK2, 370ml",0009020,0.35,350g,Staklo,Kania,1.89,5.4,20492281,Hrana,1.89
Pizza hlaðena SK27,0009099,0.43,430g,Pakovanje,Chef Select,2.99,6.95,20278182,Hrana,2.99
Lampion SK7,0009364,0.29,290g,Pakovanje,-,1.99,1.99,20233921,Proizvodi za kuæanstvo,1.99
"Petit keks, 1000g",0009403,1,1000g,Pakovanje,Sondey,2.59,2.59,20263836,Hrana,2.59
Monster Energetski napitak Doctor,0009529,0.55,"0,5l",Limenka,Coca-Cola,1.45,2.9,5060335633132,Piæe,1.45
Old Spice Gel za tuširanje,0009584,0.421,400ml,Boca,,3.85,9.63,8001090965615,Kozmetika,3.85
Vrhnje u spreju,0009818,0.255,250ml,Limenka,Pilos,2.29,9.16,20025953,Hrana,2.29
Gel za kosu za muškarce SK10,0009855,0.15,150ml,Tuba,Cien,1.79,11.93,20551636,Kozmetika,1.79
Bjelilo za kavu,0009856,0.2,200g,Vrecica,Bellarom,1.25,6.25,20058548,Hrana,1.25
"Èoko vafli lješnjak, UTZ, RFA",0009859,0.04,40g,Pakovanje,Sondey,0.39,0.39,20083298,Hrana,0.39
"Alpska šunka u komadu, cca. 600g",0010237,1,ca. 600g,Vakumir. pakov.,Alpenfest,12.69,12.69,2228885000000,Hrana,12.69
"Alpska šunka u komadu, cca. 600g",0010237,1,ca. 600g,Vakumir. pakov.,Alpenfest,12.69,12.69,2810238000000,Hrana,12.69
Umak od rajèice,0010874,0.5,500g,Staklo,Combino,2.19,4.38,4056489496670,Hrana,2.19
Krušne okruglice za kuhanje,0010942,0.2,200g,Kart. na prekl.,Alpenfest,1.29,6.45,20003258,Hrana,1.19
Pire krumpir instant,0011673,0.33,330g,Kart. na prekl.,Harvest Basket,1.99,6.03,4056489789185,Hrana,1.99
Pileæa i pureæa prsa QS SK18,0011880,0.2,200g,Atmos-Pakiranje,Dulano,2.99,14.95,20055813,Hrana,2.99
Pileæa i pureæa prsa QS SK18,0011880,0.2,200g,Atmos-Pakiranje,Dulano,2.99,14.95,4056489115267,Hrana,2.99
Kuhana šunka tanko narezana XXL SK4,0011882,0.4,400g,Atmos-Pakiranje,Dulano,4.29,10.73,20015473,Hrana,4.29
Kuhana šunka tanko narezana XXL SK4,0011882,0.4,400g,Atmos-Pakiranje,Dulano,4.29,10.73,4056489115298,Hrana,4.29
Salata krumpir SK18,0011927,1,1kg,Posudica,Chef Select,2.89,2.89,4056489531586,Hrana,2.89
Grèki Tzatziki,0012212,0.5,500g,Posudica,Eridanous,1.69,3.38,20151201,Hrana,1.69
MSC Fileti haringe u umaku SK20,0012408,0.2,200g,Limenka,Nixe,1.49,7.45,4056489431046,Hrana,1.49
Premium jogurt SK15,0012564,0.15,150g,Posudica,Milbona,1.09,7.27,4056489516767,Hrana,1.09
"MSC Morski plodovi SK2, ATG: 270g",0012609,0.3,300g,Vakumir. pakov.,Ocean Sea,3.49,12.93,20102210,Hrana,3.49
Mortadela Bologna IGP,0012678,0.15,150g,Atmos-Pakiranje,Dulano Selection,2.35,15.67,20180430,Hrana,2.35
Marcipan za kolaèe,0012734,0.2,200g,Pakovanje,Belbake,1.55,7.75,20098216,Hrana,1.55
Bosiljak,0012871,0.015,15g,Staklo,Kania,0.49,0.49,4056489367239,Hrana,0.49
Èokoladni štapiæi s mlij. èokoladom,0012896,0.15,150g,Kart. na prekl.,Sondey,1.99,13.27,20030049,Hrana,1.99
Salama SK1,0018075,0.12,120g,Atmos-Pakiranje,Deluxe,2.59,21.58,4056489714927,Hrana,2.59
Salama SK1,0018075,0.12,120g,Atmos-Pakiranje,Deluxe,2.59,21.58,4056489714934,Hrana,2.59
"Mješavina keksa SK1, UTZ",0018682,0.45,"400g,500g",Vrecica,Sondey,3.49,6.98,20058623,Hrana,3.49
Mozzarella light,0019050,0.125,125g,Pakovanje,Milbona,1.15,9.2,20097776,Hrana,1.09
Mozzarella classic,0019051,0.125,125g,Pakovanje,Milbona,1.15,9.2,20002268,Hrana,1.09
Tjestenina Farfalle HWG,0019104,0.5,500g,Vrecica,Combino,1.29,2.58,20093099,Hrana,1.29
Panna Cotta s karamelom,0019109,0.2,2x100g,Posudica,Italiamo,1.69,8.45,20176020,Hrana,1.69
Tamna èokolada,0019467,0.1,100g,Tabla,Fin Carré,1.99,19.9,20022464,Hrana,1.99
Bijela èokolada,0019545,0.1,100g,Tabla,Fin Carré,1.69,16.9,20022518,Hrana,1.69
Zobene pahuljice mekane,0019661,0.5,500g,Vrecica,Crownfield,0.79,1.58,20003166,Hrana,0.79
Zobene pahuljice mekane,0019661,0.5,500g,Vrecica,Crownfield,0.79,1.58,4056489195917,Hrana,0.79
Gazirano piæe od grejpa,0021155,1.5,"1,5l",PET-Boca,Freeway,0.89,0.59,4304493268944,Piæe,0.99
Mini èokoladice s kikirikijem,0021247,0.35,350g,Vrecica,Mister Choc,3.59,10.26,4056489172574,Hrana,3.59
Sredstvo za èišæenje poda SK17,0021341,1.01,1l,PET-Boca,W5,1.85,1.85,4056489210061,Sredstva za èišæenje,1.85
Corbieres AOP,0021791,0.744,"0,75l",Boca,-,3.49,4.65,4056489035411,Piæe,3.49
Prašak za puding èokolada,0021814,0.123,123g,Pakovanje,Belbake,0.59,4.8,20009007,Hrana,0.59
Sladoled štapiæ SK7,0021940,0.219,3x110ml,Kart. na prekl.,Gelatelli,2.19,6.64,4056489267331,Hrana,2.19
Pita s porilukom i sirom,0021997,0.68,680g,Vrecica,Eridanous,2.49,3.66,20129637,Hrana,2.49
Original tal. ocat Balsamico ,0022471,0.55,"0,5l",Boca,Acentino,1.99,3.98,4056489116844,Hrana,1.99
Zamjena za sir u listiæima,0022685,0.45,450g,Pakovanje,Milbona,2.99,6.64,20097875,Hrana,2.99
Meki kravlji sir u salamuri,0022725,1,1kg,Limenka,Milbona,9.99,9.99,4056489203216,Hrana,9.99
Baguettes-francuz SK5,0022918,0.35,2x175g,Vrecica,Chef Select,2.79,7.97,20008246,Hrana,2.79
Sojine klice,0022951,0.33,370ml,Staklo,Vitasia,0.99,5.5,20103590,Hrana,0.99
Mesni naresci SK2,0024325,0.1,100g,Atmos-Pakiranje,Alpenfest,1.89,18.9,20231880,Hrana,1.89
Mesni naresci SK2,0024325,0.1,100g,Atmos-Pakiranje,Alpenfest,1.89,18.9,20345242,Hrana,1.89
Mesni naresci SK2,0024325,0.1,100g,Atmos-Pakiranje,Alpenfest,1.89,18.9,20345259,Hrana,1.89
Mesni naresci SK2,0024325,0.1,100g,Atmos-Pakiranje,Alpenfest,1.89,18.9,20345266,Hrana,1.89
Djeèji sprej za sunèanje ZF 50+,0024982,0.151,150ml,Limenka,Cien Sun,5.95,39.67,20546533,Kozmetika,5.95
Fix za Bolognese,0026245,0.04,40g,Vrecica,Kania,0.69,0.69,20003630,Hrana,0.69
Sir Brie 60%,0026804,0.2,200g,Pakovanje,Milbona,2.25,11.25,20024727,Hrana,2.25
"Trajno mlijeko bez lakt. 1,5% m.m.",0027036,1.028,1l,Pakovanje,Milbona,1.39,1.39,4056489628897,Hrana,1.39
Prekooceanska mini vina SK9,0027309,0.25,"0,25l",Boca,Cimarosa,1.89,7.56,4056489309154,Piæe,1.89
Prekooceanska mini vina SK9,0027309,0.25,"0,25l",Boca,Cimarosa,1.89,7.56,4056489309161,Piæe,1.89
Zaštitna Anti-age krema za sunè SK6,0027370,0.075,75ml,Tuba,Cien Sun,4.99,66.53,4335619130685,Kozmetika,4.99
Mini mix krem sladoled classic,0027547,0.429,12x50ml,Kart. na prekl.,Bon Gelati,5.49,9.15,20071721,Hrana,5.49
Bijela èokolada s lješ. i krispijem,0027563,0.2,200g,Tabla,Fin Carré,2.99,14.95,20005788,Hrana,2.99
Bordeaux AOP Superieur,0027697,0.75,"0,75l",Boca,-,3.99,5.32,4056489415114,Piæe,3.99
Flan mlijeèni desert,0028264,0.6,6x100g,Posudica,Sol&Mar,1.89,3.15,20020545,Hrana,1.89
Kukuruz u zrnu (OM 285g),0028424,0.34,425ml,Limenka,Freshona,1.09,3.82,4056489499688,Hrana,1.09
Gel za brijanje ,0028839,0.2,200ml,Limenka,Cien MEN,2.09,10.45,4056489323037,Kozmetika,2.09
Gel za brijanje ,0028839,0.2,200ml,Limenka,Cien MEN,2.09,10.45,4056489323044,Kozmetika,2.09
Flaster SK7,0028901,0.023,"20komad,40komad",Pakovanje,Sensiplast,0.89,0.04,20254353,Proizvodi za kuæanstvo,0.89
Flaster SK7,0028901,0.023,"20komad,40komad",Pakovanje,Sensiplast,0.89,0.02,4056489235606,Proizvodi za kuæanstvo,0.89
Flaster SK7,0028901,0.023,"20komad,40komad",Pakovanje,Sensiplast,0.89,0.02,40895345,Proizvodi za kuæanstvo,0.89
"Pasirana rajèica ""Rustica""",0028931,0.68,720ml,Boca,Italiamo,1.49,2.07,20164034,Hrana,1.49
"Slanutak u slanoj vodi, OM 240g",0028948,0.4,425ml,Limenka,Campo Largo,0.69,2.88,20475598,Hrana,0.69
Dimljeni losos,0029352,0.1,100g,Pakovanje,Nautica,3.65,36.5,20177089,Hrana,4.39
"Grašak mladi, OM 280g",0029408,0.4,425ml,Limenka,Freshona,0.99,3.54,20009816,Hrana,0.99
"Dnevni ulošci s Aloe Vera, SK8",0029444,0.072,"26komad,32komad,45komad",Kart. na prekl.,Siempre,1.25,0.04,4056489805243,Proizvodi za kuæanstvo,1.25
Sladoled s limunom sa Sicilije,0030300,0.2,350ml,Plitica,Italiamo,1.49,4.26,20469696,Hrana,1.49
"Trajno mlijeko 2,8% m.m.",0030860,1,1l,Pakovanje,Pilos,0.79,0.79,20123093,Hrana,0.79
"Trajno mlijeko 2,8% m.m.",0030860,1,1l,Pakovanje,Pilos,0.79,0.79,20898960,Hrana,0.79
Èokoladni listiæi SK4,0030861,0.125,125g,Pakovanje,Mister Choc,2.99,23.92,20419202,Hrana,2.99
"Gazirano piæe limun, 1,5l",0031506,1.501,"1,5l",PET-Boca,Freeway,1.05,0.7,4304493269149,Piæe,1.05
Ekstra džem od malina,0031594,0.45,450g,Staklo,Maribel,2.99,6.64,20000691,Hrana,2.99
Èokolada SK2,0031870,0.1,100g,Tabla,Alpenfest,1.09,10.9,20236250,Hrana,1.09
Lasagne SK32,0032112,0.4,400g,Plitica,Chef Select,2.79,6.98,4056489865575,Hrana,2.79
"Svijetlo pivo 4,9%",0032276,0.503,"0,5l",Boca,Perlenbacher,0.99,1.98,4056489237174,Piæe,0.99
Snack kobasica Tirolska SK3,0032325,0.15,150g,Atmos-Pakiranje,Alpenfest,1.99,13.27,20242657,Hrana,1.99
Snack kobasica Tirolska SK3,0032325,0.15,150g,Atmos-Pakiranje,Alpenfest,1.99,13.27,20242688,Hrana,1.99
Snack kobasica Tirolska SK3,0032325,0.15,150g,Atmos-Pakiranje,Alpenfest,1.99,13.27,4056489115458,Hrana,1.99
Snack kobasica Tirolska SK3,0032325,0.15,150g,Atmos-Pakiranje,Alpenfest,1.99,13.27,4056489115472,Hrana,1.99
"Gazirano piæe limun, 0% šeæera",0032764,2.007,2l,PET-Boca,Freeway,0.99,0.99,4304493266636,Piæe,0.99
Südafrika Pinotage (EUA),0034515,0.75,"0,75l",Boca,Cimarosa,3.99,5.32,4056489010074,Piæe,3.99
Èileanski Cabernet Sauvignon (EUA),0034518,0.75,"0,75l",Boca,Cimarosa,3.49,4.65,4304493261532,Piæe,3.49
AUS Cabernet Sauvignon,0034524,0.748,"0,75l",Boca,Cimarosa,3.99,5.32,4335619073715,Piæe,3.99
"Tortilla èips SK1, SK5, SK6",0034632,0.15,150g,Vrecica,Snack Day,1.19,7.93,4056489452393,Hrana,1.19
Losion poslije sunèanja,0034641,0.495,500ml,Boca,Cien Sun,3.19,6.38,20172756,Kozmetika,3.19
Mljevena kava Espresso Bar,0035047,0.25,250g,Vakumir. pakov.,Bellarom,4.49,17.96,4056489600701,Piæe,3.99
Crisp 'N' Cake SK4,0036674,0.372,600ml,Kart. na prekl.,Gelatelli,3.29,5.48,20254254,Hrana,3.29
Delikates kobasica za peèenje QS,0037597,0.54,540g,Vakumir. pakov.,Dulano,4.49,8.31,4335619013469,Hrana,4.49
Maslac za tijelo SK7,0038468,0.394,400ml,Kozm.posudica,Cien,2.99,7.48,4056489665670,Kozmetika,2.99
"Prutiæi za maèke SK4, 50g",0038491,0.05,50g,Pakovanje,Coshida,1.39,27.8,20166861,Proizvodi za kuæanstvo,1.39
"Tamponi, razne vrste 56-80 kom. SK8",0038769,0.178,"56komad,64komad,80komad",Kart. na prekl.,Siempre,3.69,0.05,4056489849001,Proizvodi za kuæanstvo,3.69
"Tamponi, razne vrste 56-80 kom. SK8",0038769,0.178,"56komad,64komad,80komad",Kart. na prekl.,Siempre,3.69,0.06,4056489849025,Proizvodi za kuæanstvo,3.69
Smoothie 250ml SK13,0038798,0.265,250ml,PET-Boca,Solevita,1.49,5.96,4304493261945,Hrana,1.49
Smoothie 250ml SK13,0038798,0.265,250ml,PET-Boca,Solevita,1.49,5.96,4304493261976,Hrana,1.49
Hrana za pse SK13,0038821,0.3,300g,Plitica,Orlando,0.79,2.63,4056489576679,Proizvodi za kuæanstvo,0.89
Hrana za pse SK13,0038821,0.3,300g,Plitica,Orlando,0.79,2.63,4056489583455,Proizvodi za kuæanstvo,0.89
"Svijetlo pivo 4,9%",0038868,5,5l,Bacva,Perlenbacher,8.99,1.8,4304493262751,Piæe,8.99
Neo sladoled keks SK2,0038930,0.176,4x70ml,Kart. na prekl.,Gelatelli,1.59,5.68,20550356,Hrana,1.59
Pizza sa salamom,0039154,0.35,350g,Kart. na prekl.,Trattoria Alfredo,2.49,7.11,20218393,Hrana,2.49
Pijesak za maèke,0039172,10,10kg,Vrecica,Coshida,3.75,0.38,4056489142164,Proizvodi za kuæanstvo,3.75
Kinder Milchschnitte,0039221,0.28,10x28g,Pakovanje,,4.49,16.04,4008400192024,Hrana,4.49
Zaèini SK3,0039567,0.046,"35g,45g,65g",PET-Boca,Vitasia,0.99,2.83,20400866,Hrana,0.99
Fusilli HWG,0043077,0.5,500g,Vrecica,Italiamo,2.29,4.58,20490010,Hrana,2.29
American style cookies SK1,0043358,0.175,175g,Vrecica,MCENNEDY,1.39,7.94,8710502470042,Hrana,1.39
Bosiljak,0045072,0.014,14g,Staklo,Kania,0.92,0.92,20249885,Hrana,0.92
Krem namaz SK5,0047428,0.2,200g,Staklo,Mister Choc,2.29,11.45,20266943,Hrana,2.29
Kocke za potpalu,0048253,0.25,1komad,Kart. na prekl.,-,0.89,0.89,4056489262589,Proizvodi za kuæanstvo,0.89
Creme Brûlée,0048618,0.2,2x100g,Pakovanje,Duc de Coeur,1.69,8.45,20281151,Hrana,1.69
Šumeæe tablete vitamin C,0051515,0.08,80g,Limenka,Optisana,1.15,14.38,20289096,Hrana,1.15
Pizza Margherita XXL,0052368,1.2,4x300g,Kart. na prekl.,Trattoria Alfredo,5.55,4.63,20290023,Hrana,5.55
"Smrznuto povræe, SK7",0054707,0.45,450g,Vrecica,Freshona,1.59,3.53,20132880,Hrana,1.79
"Smrznuto povræe, SK7",0054707,0.45,450g,Vrecica,Freshona,1.59,3.53,20132897,Hrana,1.79
Secco Rosato,0054772,0.2,"0,2l",Limenka,Allini,0.99,4.95,4304493268531,Piæe,0.99
Tekuæi jogurt XXL SK1,0055501,1,1kg,PET-Boca,Milbona,1.89,1.89,20297237,Hrana,1.89
Ragolds Punjeni bomboni SK5,0055579,0.034,"33,6g",Pakovanje,,0.59,0.59,4014600116104,Hrana,0.59
Specijaliteti od kozjeg sira SK30,0058128,0.1,100g,Pakovanje,Duc de Coeur,1.71,17.1,20696641,Hrana,1.71
Ledena kava SK6,0058658,0.261,250ml,Posudica,Milbona,1.09,4.36,20036911,Hrana,1.09
Ledena kava SK6,0058658,0.261,250ml,Posudica,Milbona,1.09,4.36,20310134,Hrana,1.09
Ledena kava SK6,0058658,0.261,250ml,Posudica,Milbona,1.09,4.36,4304493262102,Hrana,1.09
Extra hrskavi èips SK8,0059344,0.125,125g,Vrecica,Snack Day,1.39,11.12,20612009,Hrana,1.39
Maslac,0059587,0.25,250g,Pakovanje,Pilos,2.49,9.96,4056489108375,Hrana,2.75
Pizza šunka-šampinjoni XXL,0060812,1.02,3x340g,Kart. na prekl.,Trattoria Alfredo,6.49,6.36,4056489487715,Hrana,6.49
Dezodorans SK21,0062781,0.117,200ml,Limenka,Cien,1.29,6.45,20321031,Kozmetika,1.29
Dezodorans muški SK15,0062785,0.124,200ml,Limenka,Cien MEN,1.29,6.45,20978631,Kozmetika,1.29
Dezodorans muški SK15,0062785,0.124,200ml,Limenka,Cien MEN,1.29,6.45,4056489235965,Kozmetika,1.29
Dezodorans muški SK15,0062785,0.124,200ml,Limenka,Cien MEN,1.29,6.45,4056489321842,Kozmetika,1.29
Dezodorans muški SK15,0062785,0.124,200ml,Limenka,Cien MEN,1.29,6.45,4056489547167,Kozmetika,1.29
Liker od lješnjaka 40% alk.,0063006,0.476,"0,5l",Boca,Deluxe,7.99,15.98,4304493267206,Piæe,7.99
Picco Pizzi šunka/salama SK1,0063013,0.36,360g,Kart. na prekl.,Trattoria Alfredo,3.99,11.08,4056489442943,Hrana,3.99
Talijanska kuhana šunka,0063350,0.12,120g,Atmos-Pakiranje,Deluxe,2.49,20.75,20328009,Hrana,2.49
Èokoladne lizalice SK5,0063416,0.15,150g,Pakovanje,Favorina,1.59,10.6,20336592,Hrana,1.59
Bifteki sort. SK1,0065011,0.75,750g,Vrecica,Eridanous,7.99,10.65,20330460,Hrana,7.99
Transp. sprej za sunèanje ZF 20,0065110,0.221,250ml,PET-Boca,Cien Sun,6.49,25.96,20277260,Kozmetika,6.49
Transp. sprej za sunèanje ZF 20,0065110,0.221,250ml,PET-Boca,Cien Sun,6.49,25.96,4335619130494,Kozmetika,6.49
Papirnati stolnjak 10m,0065189,0.397,1komad,Pakovanje,Grillmeister,2.59,2.59,20340827,Proizvodi za kuæanstvo,2.59
Sredstvo za èišæenje roštilja,0065263,0.3,400ml,Limenka,Grillmeister,1.59,3.98,20342104,Sredstva za èišæenje,1.59
Family Cappuccino RFA SK10,0065268,0.5,500g,Limenka,Bellarom,3.95,7.9,20084035,Piæe,3.95
Motorno ulje SAE 5W-40 API SM/CF,0065351,4.33,5l,Kanistar,W5,19.99,4,20342739,Sredstva za èišæenje,19.99
Smoki XXL sort. SK1,0065418,0.2,"150g,250g",Vrecica,Snack Day,1.19,7.93,20343149,Hrana,1.19
Mesni sir na bavarski naèin SK1,0065425,0.4,400g,Atmos-Pakiranje,Alpenfest,2.72,6.8,20272319,Hrana,2.72
"Svijetlo pivo 4,9% XXL",0065665,4.025,"8x0,5l",Boca,Perlenbacher,6.93,1.73,4056489237259,Piæe,6.93
Krema za ruke SK6,0065854,0.109,"125ml,75ml",Tuba,Cien,1.19,15.87,20864804,Kozmetika,1.19
Snackballs SK5,0067615,0.175,175g,Vrecica,Snack Day,1.49,8.51,20804411,Hrana,1.49
Rošilj kobasice SK7,0067627,0.25,250g,Vakumir. pakov.,Grillmeister,2.59,10.36,20103620,Hrana,2.59
Krumpir štapiæi SK16,0067918,0.125,125g,Vrecica,Snack Day,1.09,8.72,20340711,Hrana,1.09
Snack od krumpira SK1,0068326,0.175,175g,Vrecica,MCENNEDY,1.69,9.66,20335045,Hrana,1.69
Beauty kompaktni puder SK4,0069825,0.005,"4,5g",Pakovanje,Cien,2.25,2.25,20030681,Kozmetika,2.25
Sjenilo za oèi SK3 ,0069833,0.003,1komad,Nepakirano,Cien,1.85,1.85,20030728,Kozmetika,1.85
Nizozemska Gouda u kori,0070138,0.45,450g,Pakovanje,Milbona,5.95,13.22,20362836,Hrana,5.95
Chicken Dippers s umakom,0070730,0.5,500g,Kart. na prekl.,Vitasia,4.99,9.98,20377311,Hrana,3.99
Ledena kava XXL SK1,0070916,0.399,380ml,PET-Boca,Milbona,1.09,2.87,4304493261839,Hrana,1.09
Mozart kugle tamna èokolada,0070923,0.2,200g,Kart. na prekl.,J.D. Gross,3.39,16.95,20369699,Hrana,3.39
Crema kava u zrnu RFA,0072858,1,1000g,Vrecica,Bellarom,16.99,16.99,4056489576754,Piæe,13.99
Dimljeni losos XXL,0073887,0.22,220g,Pakovanje,Nautica,5.19,23.59,4056489798859,Hrana,6.69
Instant tjestenina SK1,0073974,0.054,"44g,50g,57g,66g",Posudica,Vitasia,1.29,29.32,20387358,Hrana,1.29
Sredstvo za održavanje per. rublja,0074675,0.509,2x250ml,PET-Boca,W5,1.99,3.98,4056489351900,Sredstva za èišæenje,1.99
Sredstvo za održavanje per. rublja,0074675,0.509,2x250ml,PET-Boca,W5,1.99,3.98,4056489847076,Sredstva za èišæenje,1.99
Biskvit kolaè XXL SK1,0074764,0.5,500g,Pakovanje,Confiserie Firenze,2.89,5.78,20401023,Hrana,2.89
Kroasan s krem punjenjem SK3,0074867,0.24,5x48g,Pakovanje,Maitre Jean-Pierre,1.99,8.29,20694234,Hrana,1.99
Njega lica za muškarce SK6 ,0076409,0.051,50ml,Kart. na prekl.,Cien,2.59,51.8,20516482,Kozmetika,2.59
Njega lica za muškarce SK6 ,0076409,0.051,50ml,Kart. na prekl.,Cien,2.59,51.8,4056489323082,Kozmetika,2.59
Sredstvo za èišæenje tepiha,0077359,0.606,600ml,Limenka,W5,2.29,3.82,4056489242727,Sredstva za èišæenje,2.29
Integralne tortilje 6x25cm,0077433,0.37,370g,Pakovanje,Snack Day,1.25,3.38,20555313,Hrana,1.25
Grèki jogurt SK2,0077784,0.5,4x125g,Posudica,Milbona,1.99,3.98,20367343,Hrana,1.99
Tiramisu SK4,0077850,0.16,2x80g,Posudica,Italiamo,1.59,9.94,4056489627128,Hrana,1.59
Vafli od šeæera,0077923,0.55,550g,Pakovanje,Sondey,3.39,6.16,20061166,Hrana,3.39
XXL kobasica od mesa peradi,0078330,0.45,450g,Vakumir. pakov.,Dulano,1.99,4.42,20491390,Hrana,1.99
Lizalice SK 13,0079539,0.135,135g,Vrecica,Sweet Corner,1.99,14.74,20386665,Hrana,1.99
Mesni sir SK15,0079751,0.125,125g,Atmos-Pakiranje,Alpenfest,1.49,11.92,4056489298915,Hrana,1.05
Hamburger/Hot Dog peciva SK14,0079870,0.278,"250g,300g",Vrecica,Tastino,1.19,4.76,4056489139713,Hrana,1.19
Mandarina 750g,0080117,0.75,750g,Pakovanje,,2.29,3.05,20083274,Hrana,2.29
Naranèa za cijeðenje,0080157,2,2kg,Pakovanje,,2.98,1.49,20649982,Hrana,2.98
Bukovaèa 250g,0082986,0.25,250g,Pakovanje,,1.39,5.56,20305765,Hrana,1.39
Šampinjoni smeði 250g,0083006,0.25,250g,Pakovanje,,1.29,5.16,20242183,Hrana,1.29
Šampinjoni 500g,0083018,0.5,500g,Pakovanje,,1.89,3.78,20242176,Hrana,1.89
Šampinjoni 500g,0083018,0.5,500g,Pakovanje,,1.89,3.78,3859889614115,Hrana,1.89
Baby šampinjoni 300g,0083022,0.3,300g,Pakovanje,,1.39,4.63,3858893060239,Hrana,1.39
Zaèinsko bilje rezano,0083103,0.03,30g,Pakovanje,,0.69,690,20408039,Hrana,0.69
Luk grano 750g,0083128,0.75,750g,Pakovanje,,1.49,1.49,20753313,Hrana,1.49
Krumpir 2kg,0083224,2,2kg,Pakovanje,,1.79,0.9,20242213,Hrana,1.79
Luk crveni 1kg,0083331,1,1kg,Pakovanje,,0.94,0.94,20232092,Hrana,0.83
Bio zaèinsko bilje,0084647,0,1komad,Lonac,,1.19,1.19,20809881,Hrana,1.49
Sjajilo za obuæu SK3,0087031,0.075,1komad,Nepakirano,W5,1.29,1.29,20439057,Sredstva za èišæenje,1.29
Punj. èok. štap. Latte Macchiato,0087237,0.2,200g,Kart. na prekl.,Mister Choc,2.99,14.95,20418762,Hrana,2.99
Umaci za tjesteninu SK6,0087612,0.35,350g,Staklo,Italiamo,1.59,4.54,20602109,Hrana,1.59
Jogurt Duo SK1,0087634,0.175,175g,Posudica,Halloween,0.75,4.29,20441968,Hrana,0.75
Snack od sira sort.,0088099,0.22,220g,Pakovanje,Milbona,3.29,14.95,4006923082204,Hrana,3.29
Mlijeèna èok. s grožð. i lješnj.,0088282,0.1,100g,Tabla,Fin Carré,1.39,13.9,20449100,Hrana,1.39
Šampon protiv prhuti SK10,0088436,0.3,300ml,PET-Boca,Cien,1.29,4.3,4056489235781,Kozmetika,1.29
Maasdamer u listiæima,0088532,0.15,150g,Pakovanje,Milbona,1.99,13.27,20444037,Hrana,1.99
Rukavice za jednokratnu uporabu SK3,0089720,0.523,100komad,Box,W5,5.99,0.06,20454142,Proizvodi za kuæanstvo,5.99
Tirolska šunka SK2,0090603,0.1,100g,Atmos-Pakiranje,Alpenfest,2.39,23.9,20253844,Hrana,1.99
Gel za tuširanje 3u1 SK16,0091976,0.309,300ml,PET-Boca,Cien,1.05,3.5,20460945,Kozmetika,1.05
Gel za tuširanje 3u1 SK16,0091976,0.309,300ml,PET-Boca,Cien,1.05,3.5,20954864,Kozmetika,1.05
Gel za tuširanje 3u1 SK16,0091976,0.309,300ml,PET-Boca,Cien,1.05,3.5,4056489424208,Kozmetika,1.05
Gel za tuširanje 3u1 SK16,0091976,0.309,300ml,PET-Boca,Cien,1.05,3.5,4056489424239,Kozmetika,1.05
Èokoladni prutiæ s kokosom,0092695,0.05,2x25g,Pakovanje,Mister Choc,0.69,13.8,20439293,Hrana,0.69
Regenerator za kosu SK1 ,0092854,0.2,200ml,Tuba,Cien,2.19,10.95,20460860,Kozmetika,2.19
Regenerator za kosu SK1 ,0092854,0.2,200ml,Tuba,Cien,2.19,10.95,4056489235071,Kozmetika,2.19
Tuna fileti u sunc. ulju (ATG 650g),0092952,0.9,900g,Limenka,Nixe,7.99,12.29,20461331,Hrana,7.99
Tuna fileti u sunc. ulju (ATG 650g),0092952,0.9,900g,Limenka,Nixe,7.99,12.29,4056489328841,Hrana,7.99
Talijanski pesto sort. SK2,0092973,0.19,190g,Staklo,Deluxe,1.69,8.89,20621414,Hrana,1.69
"Crusti Choc, 100g",0095582,0.1,100g,Tabla,Fin Carré,1.29,12.9,20488703,Hrana,1.29
"Mix slanih grickalica, 300g",0096761,0.3,300g,Vrecica,Snack Day,1.49,4.97,20489144,Hrana,1.49
Motorno ulje 5W/30API SL/CF,0097101,0.863,1l,Kanistar,W5,5.99,5.99,20517038,Sredstva za èišæenje,5.99
Gotova jela SK3,0097242,0.35,350g,Plitica,Vitasia,3.29,9.4,20416058,Hrana,2.99
Hrana za maèke premium SK16,0097851,1.2,12x100g,Kart. na prekl.,Coshida,4.19,3.49,20532314,Proizvodi za kuæanstvo,4.19
o.b. Tamponi SK1,0099299,0.052,"54komad,64komad",Kart. na prekl.,,4.29,0.07,3574661130385,Proizvodi za kuæanstvo,4.29
o.b. Tamponi SK1,0099299,0.052,"54komad,64komad",Kart. na prekl.,,4.29,0.08,3574661321394,Proizvodi za kuæanstvo,4.29
o.b. Tamponi SK1,0099299,0.052,"54komad,64komad",Kart. na prekl.,,4.29,0.08,3574661582474,Proizvodi za kuæanstvo,4.29
Termo plastièna vreæica,0099431,0.109,1komad,Nepakirano,,0.93,0.93,20573027,Proizvodi za kuæanstvo,0.93
Mlijeko za èišæenje lica,0099961,0.25,250ml,Dozator,Cien,1.69,6.76,4056489232339,Kozmetika,1.69
"Indijski orašèiæi, prž. i slani XXL",0105268,0.25,250g,Vrecica,Alesto,2.89,11.56,20575922,Hrana,2.89
Cvjetaèa smrznuta,0105779,1,1000g,Vrecica,Freshona,2.65,2.65,4056489599333,Hrana,2.65
Suhe datulje bez koštica,0106493,0.25,250g,Plitica,Alesto,1.59,6.36,20601768,Hrana,1.59
Fondant masa SK1,0106499,0.25,250g,Pakovanje,Belbake,1.49,5.96,20601645,Hrana,1.49
Edamer u listiæima XXL,0108391,1,1000g,Pakovanje,Milbona,8.99,8.99,20603373,Hrana,8.99
Milkshake SK4,0108408,0.243,230ml,Posudica,MCENNEDY,0.99,4.3,20997984,Hrana,0.99
Premium Sol u mlincu SK11,0108674,0.153,"180g,70g",Staklo,Deluxe,3.89,55.57,20611781,Hrana,3.89
Premium Sol u mlincu SK11,0108674,0.153,"180g,70g",Staklo,Deluxe,3.89,55.57,4056489864431,Hrana,3.89
Premium Sol u mlincu SK11,0108674,0.153,"180g,70g",Staklo,Deluxe,3.89,55.57,4056489868941,Hrana,3.89
Premium Sol u mlincu SK11,0108674,0.153,"180g,70g",Staklo,Deluxe,3.89,55.57,4056489877400,Hrana,3.89
Maslac za usne SK10,0112665,0.008,"3,3ml",Pakovanje,Cien,2.49,2.49,20009625,Kozmetika,2.49
Maslac za usne SK10,0112665,0.008,"3,3ml",Pakovanje,Cien,2.49,2.49,20668945,Kozmetika,2.49
Maslac za usne SK10,0112665,0.008,"3,3ml",Pakovanje,Cien,2.49,2.49,20955113,Kozmetika,2.49
Draže bomboni voæni ,0113212,0.038,38g,Pakovanje,Sweet Corner,0.39,0.39,4056489339403,Hrana,0.39
Tvrdi planinski sir SK1,0113436,0.2,200g,Pakovanje,Alpenfest,2.29,11.45,20643935,Hrana,2.29
Sirni namaz SK27,0115249,0.11,"100g,125g",Pakovanje,Alpenfest,1.89,15.12,20621971,Hrana,1.79
"Gumene rukavice, 2 para SK3",0115731,0.04,4komad,Pakovanje,W5,0.99,0.25,4056489714729,Proizvodi za kuæanstvo,0.99
Focaccini SK1,0115956,0.3,300g,Vrecica,Chef Select,1.99,6.63,4056489856184,Hrana,1.99
Gel za brijanje,0116573,0.195,200ml,Limenka,Cien,2.09,10.45,20652210,Kozmetika,2.09
Lak za nokte SK1,0116872,0.011,11ml,Boca,Cien,1.45,1.45,20657048,Kozmetika,1.45
Salama Fino,0116971,0.12,120g,Atmos-Pakiranje,Italiamo,2.09,17.42,20673772,Hrana,2.09
Mješavina sireva XXL,0117427,0.5,500g,Vrecica,Milbona,4.99,9.98,4056489114956,Hrana,4.99
Sjemenke bundeve,0117851,0.2,200g,Vrecica,Alesto,1.85,9.25,20707170,Hrana,1.85
Desertni specijaliteti SK5,0117872,0.45,450g,Pakovanje,Italiamo,3.49,7.76,20724481,Hrana,3.49
Zamjenske britvice,0118124,0.012,3komad,Kart. na prekl.,Cien,3.99,1.33,20706975,Kozmetika,3.99
Svježi deserti na francuski SK1,0118149,0.45,450g,Pakovanje,Duc de Coeur,3.59,7.98,20707255,Hrana,3.59
Praline s višnjama,0118851,0.165,165g,Kart. na prekl.,-,3.29,19.94,20752859,Hrana,3.29
Vruæa èokolada na štapiæu SK2,0118894,0.06,60g,Pakovanje,Deluxe,1.59,26.5,20725334,Hrana,1.59
Hummus SK1,0119130,0.2,200g,Plitica,1001 delights,1.49,7.45,20757823,Hrana,1.49
Humus SK44,0119131,0.2,200g,Plitica,Vitasia,1.39,6.95,4056489436683,Hrana,1.39
Humus SK44,0119131,0.2,200g,Plitica,Vitasia,1.39,6.95,4056489889786,Hrana,1.39
Orijentalni zaèini SK1,0119146,0.074,"60g,65g,75g,80g,85g",Vrecica,1001 delights,1.19,1.4,20840020,Hrana,1.19
Orijentalni zaèini SK1,0119146,0.074,"60g,65g,75g,80g,85g",Vrecica,1001 delights,1.19,1.49,20840044,Hrana,1.19
Orijentalni zaèini SK1,0119146,0.074,"60g,65g,75g,80g,85g",Vrecica,1001 delights,1.19,1.98,20840051,Hrana,1.19
Orijentalni zaèini SK1,0119146,0.074,"60g,65g,75g,80g,85g",Vrecica,1001 delights,1.19,1.59,4056489936541,Hrana,1.19
Orijentalni zaèini SK1,0119146,0.074,"60g,65g,75g,80g,85g",Vrecica,1001 delights,1.19,1.83,4056489936558,Hrana,1.19
Orijentalni zaèini SK1,0119146,0.074,"60g,65g,75g,80g,85g",Vrecica,1001 delights,1.19,1.59,4056489936589,Hrana,1.19
Mini uskršnje figure SK3,0119495,0.125,125g,Limenka,Favorina,1.99,15.92,20759902,Hrana,1.99
Zeleni èaj UTZ SK21,0119798,0.044,"25x1,75g",Kart. na prekl.,Lord Nelson,1.29,1.29,20769673,Piæe,1.29
Mix orašastih plodova XXL,0122317,0.5,500g,Vrecica,Alesto Selection,6.29,12.58,20816445,Hrana,6.29
Limun/Èokol. desert SK2,0122380,0.475,"450g,500g",Pakovanje,Deluxe,3.79,8.42,20553043,Hrana,3.79
Tekuæi jogurt  SK8,0122949,0.85,850g,PET-Boca,Milbona,1.89,2.22,20817381,Hrana,1.89
Energy Drink Classic,0123681,0.52,"0,5l",Limenka,Colossus,1.09,2.18,4304493263079,Piæe,1.09
Kvinoja SK1,0127163,0.4,400g,Kart. na prekl.,Golden Sun,2.89,7.23,20897673,Hrana,2.89
Orahnjaèa,0127582,0.3,295g,Rasuto,,2.19,7.42,4334035166803,Hrana,2.19
Glossy Gel Lak za nokte SK18,0128299,0.011,11ml,Boca,Cien Beauty,1.15,1.15,20135232,Kozmetika,1.15
Glossy Gel Lak za nokte SK18,0128299,0.011,11ml,Boca,Cien Beauty,1.15,1.15,20979126,Kozmetika,1.15
Glossy Gel Lak za nokte SK18,0128299,0.011,11ml,Boca,Cien Beauty,1.15,1.15,4056489269786,Kozmetika,1.15
Glossy Gel Lak za nokte SK18,0128299,0.011,11ml,Boca,Cien Beauty,1.15,1.15,4056489269816,Kozmetika,1.15
Nero d'Avola DOC Sicilia,0128628,0.75,"0,75l",Boca,CORTE AURELIO,3.49,4.65,4056489220527,Piæe,3.49
Grandioso puding SK7,0128681,0.175,175g,Posudica,Milbona,0.69,3.94,4056489656180,Hrana,0.69
Nektar SK1,0128874,1.04,1l,Pakovanje,Vitasia,1.99,1.99,20920654,Piæe,1.99
Suha hrana za pse govedina XXL,0131301,13,13kg,Vrecica,Bellosan,9.99,0.77,20762025,Proizvodi za kuæanstvo,9.99
Müsli SK67,0131337,0.75,750g,Kart. na prekl.,Crownfield,3.69,4.92,20071943,Hrana,3.69
Müsli SK67,0131337,0.75,750g,Kart. na prekl.,Crownfield,3.69,4.92,20774998,Hrana,3.69
Müsli SK67,0131337,0.75,750g,Kart. na prekl.,Crownfield,3.69,4.92,4056489255499,Hrana,3.69
Olovka za oèi ''Summerfresh'',0131405,0.001,1komad,Pakovanje,Cien,0.92,0.92,4056489021162,Kozmetika,0.92
Osvježivaè za klima ureðaj,0131557,0.085,100ml,Limenka,W5,2.19,21.9,20987633,Sredstva za èišæenje,2.19
Bio voæna kašica SK1,0131920,0.36,4x90g,Kart. na prekl.,Lupilu,1.99,5.53,20995577,Hrana,1.99
Bio kašica jabuka-banana-dvopek,0131985,0.19,190g,Staklo,Lupilu,0.85,4.47,20995843,Hrana,0.85
Bio kašica jabuka-banana-dvopek,0131985,0.19,190g,Staklo,Lupilu,0.85,4.47,4056489894445,Hrana,0.85
Zamjenski ulošci za brtivicu X5,0132139,0.03,4komad,Kart. na prekl.,Cien,4.13,1.03,4056489450306,Kozmetika,4.59
Djeèji gel za zube SK3,0132312,0.133,100ml,Tuba,Dentalux,0.89,8.9,20998219,Kozmetika,0.89
Djeèji gel za zube SK3,0132312,0.133,100ml,Tuba,Dentalux,0.89,8.9,4056489708483,Kozmetika,0.89
Kolutiæi od kozica Sweet-Chili umak,0132723,0.27,300g,Kart. na prekl.,Deluxe,5.39,17.97,40876085,Hrana,5.39
Liker od smokve i š.,0132994,0.24,"12x0,02l",Boca,Funtastix,3.69,15.38,40878430,Piæe,4.59
Hairvital Regenerator za kosu SK5,0133014,0.248,250ml,PET-Boca,Cien,1.49,5.96,4056489152798,Kozmetika,1.49
Hairvital Regenerator za kosu SK5,0133014,0.248,250ml,PET-Boca,Cien,1.49,5.96,4056489152804,Kozmetika,1.49
Hairvital Šampon za kosu SK5,0133026,0.309,300ml,PET-Boca,Cien,1.29,4.3,20978396,Kozmetika,1.29
Kobasica rezana,0135632,0.18,180g,Atmos-Pakiranje,1001 delights,2.79,15.5,20037017,Hrana,2.79
Zaèinski mlinac SK64,0135864,0.035,35g,Staklo,Kania,1.99,1.99,20046842,Hrana,1.99
Sladoled Vafl sendviè XXL SK1,0136449,0.455,10x90ml,Kart. na prekl.,Bon Gelati,3.39,3.77,4056489375319,Hrana,2.43
Kokosova voda,0136811,0.51,500ml,Pakovanje,Vitasia,1.69,3.38,20082925,Piæe,1.49
Prirodni šampon za  kosu SK1,0136845,0.3,300ml,PET-Boca,Cien,1.79,5.97,4056489254751,Kozmetika,1.79
Sred. za uklanj. kamenca u spreju,0136990,0.772,750ml,PET-Boca,W5,1.99,2.65,20089481,Sredstva za èišæenje,1.99
Mimolette Polutvrdi sir,0137096,0.2,200g,Pakovanje,,3.98,19.9,3228022180129,Hrana,3.98
Baby pelene gaæice maxi,0139322,0.68,22komad,Pakovanje,Lupilu,4.75,0.22,4056489352327,Proizvodi za kuæanstvo,4.75
"Krpe za èišæenje 5 kom, 35x35 cm",0139643,0.172,5komad,Pakovanje,W5 ,3.29,0.66,20196172,Proizvodi za kuæanstvo,3.29
Premium tjestenina ricotta-špinat,0139797,0.25,250g,Vrecica,Chef Select,2.49,9.96,4056489009191,Hrana,2.49
Svježi sir SK16,0140323,0.3,300g,Posudica,Milbona,1.99,6.63,4335619185210,Hrana,1.99
Sprej za sunèanje ZF30,0140876,0.201,200ml,Boca,Cien Sun,6.49,32.45,4335619165984,Kozmetika,6.49
Maslinovo ulje SK4,0141884,0.458,500ml,Boca,Primadonna,3.99,7.98,4056489017486,Hrana,5.79
Maslinovo ulje SK4,0141884,0.458,500ml,Boca,Primadonna,3.99,7.98,4056489973034,Hrana,5.79
Duo jastuèiæ za èišæenje lica,0142067,0.079,140komad,Vrecica,Cien,1.15,1.15,4056489494461,Proizvodi za kuæanstvo,1.15
Ledena kava RFA,0143883,0.275,275g,Limenka,Bellarom,2.99,10.87,4056489028925,Piæe,2.99
Mlj. èok. s raznim punjenjem SK1,0144007,0.299,"295g,300g",Tabla,Fin Carré,4.49,15.22,4056489030027,Hrana,4.49
Drveni štapiæi 20 cm,0144423,0.124,125komad,Pakovanje,Aromata,0.79,0.01,4056489032519,Proizvodi za kuæanstvo,0.79
Prženi lješnjaci,0144497,0.2,200g,Vrecica,Alesto,3.89,19.45,4056489033042,Hrana,3.89
Riža XXL,0145371,4.5,"4,5kg",Vrecica,Golden Sun,6.59,6.59,4056489090182,Hrana,6.59
Picco Pizzi SK12,0146099,0.36,360g,Kart. na prekl.,Trattoria Alfredo,3.99,11.08,4056489442998,Hrana,3.99
Suho voæe Mango,0148837,0.1,100g,Vrecica,Alesto,2.59,25.9,4056489150220,Hrana,2.59
"Salama goveða, per., dimljena SK1",0149371,0.115,"100g,130g",Atmos-Pakiranje,Dulano,1.99,19.9,4056489182634,Hrana,1.99
Loptice svježi sir SK1,0149574,0.24,240g,Staklo,Deluxe,2.69,11.21,4056489186502,Hrana,2.69
Èokolada bez dodanog šeæera SK1,0149698,0.1,100g,Tabla,Fin Carré,2.59,25.9,4056489189244,Hrana,2.59
"Votka 37,5%",0149867,0.666,"0,7l",Boca,,8.49,12.13,4056489192770,Piæe,6.29
Amerièki desert SK1,0150211,0.165,"2x80g,2x85g",Pakovanje,MCENNEDY,1.79,10.53,4056489201786,Hrana,1.79
Premium suha hrana za maèke SK6,0150382,0.8,800g,Vrecica,Coshida Selection,2.79,3.49,4056489591719,Proizvodi za kuæanstvo,2.79
Mortadela sa maslinama i papr.,0150420,0.125,125g,Atmos-Pakiranje,Italiamo,1.79,14.32,4056489204190,Hrana,1.79
Dezodorans SK16,0150788,0.053,50ml,PET-Boca,Cien,1.05,21,4056489643630,Kozmetika,1.05
Dezodorans SK16,0150788,0.053,50ml,PET-Boca,Cien,1.05,21,4335619175525,Kozmetika,1.05
Dezodorans SK17,0150789,0.052,50ml,PET-Boca,Cien,1.05,21,20918903,Kozmetika,1.05
Dezodorans SK17,0150789,0.052,50ml,PET-Boca,Cien,1.05,21,4335619175495,Kozmetika,1.05
High protein jogurt SK4,0150828,0.2,200g,Posudica,Milbona,0.99,4.95,4056489258346,Hrana,0.99
High protein jogurt SK4,0150828,0.2,200g,Posudica,Milbona,0.99,4.95,4056489258377,Hrana,0.99
Deterdžent za pranje rublja 50pr.,0151385,3.75,"3,75kg",Pakovanje,Maxitrat,4.69,0.09,4056489225393,Sredstva za èišæenje,5.69
Zaèini SK1,0154517,0.127,"100g,120g,140g,130g",Limenka,Kania,1.69,16.9,4056489279419,Hrana,1.69
Zaèini SK1,0154517,0.127,"100g,120g,140g,130g",Limenka,Kania,1.69,13,4056489279419,Hrana,1.69
Zaèini SK1,0154517,0.127,"100g,120g,140g,130g",Limenka,Kania,1.69,13,4056489279457,Hrana,1.69
Zaèini SK1,0154517,0.127,"100g,120g,140g,130g",Limenka,Kania,1.69,14.08,4056489279464,Hrana,1.69
Maramice za skupljanje boje,0155675,0.034,24komad,Pakovanje,Formil,2.19,0.09,4056489262251,Proizvodi za kuæanstvo,2.19
Osvježivaè WC školjke SK2,0155695,0.096,2x48g,Blister,W5,1.39,14.48,4056489304920,Sredstva za èišæenje,1.39
Kuhano vino borovnica  9% vol.,0156226,1,1l,Boca,-,1.99,1.99,4056489869320,Piæe,1.99
Èips SK3,0156667,0.125,125g,Vrecica,Italiamo,1.2,9.6,20872076,Hrana,1.2
Sredstvo za èišæenje sa spužvom SK1,0156905,0.425,"300g,400g,500g",Limenka,W5,2.39,7.97,4056489322849,Sredstva za èišæenje,2.39
Umaci SK1,0156969,0.2,200g,Pakovanje,Let's have a party!,1.09,5.45,4056489322894,Hrana,1.09
Umaci SK1,0156969,0.2,200g,Pakovanje,Let's have a party!,1.09,5.45,4056489322917,Hrana,1.09
Nature Sredst. za pranje posuða SK1,0157353,0.518,500ml,Boca,W5,1.59,3.18,4056489329381,Sredstva za èišæenje,1.59
WC Osvježivaè 2x48g SK10,0157484,0.096,2x48g,Pakovanje,W5,1.55,16.15,4056489186830,Sredstva za èišæenje,1.45
Gel za tuširanje antibakter. SK2,0158143,0.258,250ml,Tuba,Cien,1.19,4.76,4056489345350,Kozmetika,1.19
Nature Gel za tuširanje SK1,0158147,0.26,250ml,PET-Boca,Cien Nature,1.79,7.16,4056489329725,Kozmetika,1.79
Nature Šampon za kosu SK1,0158151,0.21,200ml,PET-Boca,Cien Nature,2.29,11.45,4056489329770,Kozmetika,2.29
Pesto XXL SK1,0162835,0.55,550g,Staklo,Baresa,3.99,7.25,4056489441410,Hrana,3.99
Veganska pizza Margherita,0163137,0.3,300g,Kart. na prekl.,Vemondo,1.85,6.17,4056489443827,Hrana,1.85
Stroop vafli SK1,0163409,0.175,175g,Vrecica,Vemondo,2.99,17.09,4056489450801,Hrana,2.99
Veggie Mix SK1,0164061,0.4,400g,Kart. na prekl.,Vemondo,2.79,6.98,4056489456490,Hrana,2.79
Veganska gotova jela SK6,0164813,0.6,600g,Vrecica,Vemondo,3.79,6.32,20934163,Hrana,3.79
Super alkalne baterije AA,0165554,0.45,20komad,Kart. na prekl.,Tronic,3.99,0.2,4056489847731,Proizvodi za kuæanstvo,3.99
Kozmetièko ogledalo s rasvjetom,0377406,0.667,1ST,Pakovanje,Livarno Home,6.6,6.6,4055329053950,Kozmetika,6.6
Carski drobljenac SK1,5009101,0.3,300g,Vrecica,Alpenfest,2.29,7.63,20627287,Hrana,1.99
Kobasica sa sirom,5010094,0.34,340g,Pakovanje,Alpenfest,3.29,9.68,4056489629894,Hrana,3.29
Dimljena šunka SK2,5010113,0.15,150g,Atmos-Pakiranje,Alpenfest,1.89,12.6,4056489629986,Hrana,1.89
Svježi sir s pestom SK1,5011933,0.15,150g,Posudica,Deluxe,1.99,13.27,4335619038059,Hrana,1.99
Sir Monterey Jack u listiæima,5200217,0.2,200g,Pakovanje,McEnnedy,3.99,19.95,4056489711995,Hrana,3.99
Sirevi SK1,5200709,0.14,140g,Pakovanje,Hatherwood,2.99,21.36,4056489335795,Hrana,2.99
Sirevi SK1,5200709,0.14,140g,Pakovanje,Hatherwood,2.99,21.36,4056489712039,Hrana,2.99
Britanski Cheddar sir SK3,5200784,0.25,250g,Pakovanje,Deluxe,3.29,13.16,20575410,Hrana,3.29
Carski sir u listiæima SK1,5502819,0.15,150g,Atmos-Posudica,Pilos,1.79,11.93,20146979,Hrana,1.79
Sok od naranèe 100%,5503815,1.045,1l,Pakovanje,Solevita,2.49,2.49,20690755,Piæe,2.49
Sapun SK1,5505651,0.1,100g,Pakovanje,Cien,0.59,5.9,20761660,Kozmetika,0.59
Mesni narezak,5512900,0.3,300g,Limenka,Baroni,1.99,6.63,20931124,Hrana,1.99
Tekuæi sapun SK2,5514468,0.52,500ml,PET-Boca,Cien,0.89,1.78,20982799,Kozmetika,0.89
Pašteta SK3,5516355,0.13,130g,Atmos-Posudica,Baroni,0.59,4.54,4056489586999,Hrana,0.59
Vlažne maramice za èišæenje SK3,5516867,0.439,"50komad,60komad",Pakovanje,W5,1.49,0.03,20063313,Proizvodi za kuæanstvo,1.49
Vlažne maramice za èišæenje SK3,5516867,0.439,"50komad,60komad",Pakovanje,W5,1.49,0.02,4056489783848,Proizvodi za kuæanstvo,1.49
Vlažne maramice za èišæenje SK3,5516867,0.439,"50komad,60komad",Pakovanje,W5,1.49,0.03,4056489783862,Proizvodi za kuæanstvo,1.49
Mirisne luèice SK7 ,5519199,0.214,18komad,Pakovanje,-,1.59,0.09,4056489535966,Proizvodi za kuæanstvo,1.59
Mirisne luèice SK7 ,5519199,0.214,18komad,Pakovanje,-,1.59,0.09,4056489662129,Proizvodi za kuæanstvo,1.59
Mirisne luèice SK7 ,5519199,0.214,18komad,Pakovanje,-,1.59,0.09,40877563,Proizvodi za kuæanstvo,1.59
Mirisne luèice SK7 ,5519199,0.214,18komad,Pakovanje,-,1.59,0.09,4335619141322,Proizvodi za kuæanstvo,1.59
Sapun iz Provanse SK10,5603194,0.1,100g,Pakovanje,Duc de Coeur,0.79,7.9,4056489566274,Kozmetika,0.79
Tart od poriluka,5606449,0.3,2x150g,Kart. na prekl.,Duc de Coeur,2.59,8.63,4056489277415,Hrana,2.59
Kolaè od limuna,5607979,0.48,480g,Kart. na prekl.,Duc de Coeur,6.99,14.56,20058357,Hrana,6.99
Salama s komadiæima oraha,5609637,0.25,250g,Pakovanje,French Style,2.55,10.2,4056489041122,Hrana,2.55
Sapuni iz Provanse SK7,5615510,0.1,100g,Pakovanje,Duc de Coeur,0.79,7.9,4335619018587,Kozmetika,0.79
ASC 100 lisnato tijesto,5617591,0.965,965g,Kart. na prekl.,Deluxe,5.59,5.79,4056489729105,Hrana,5.59
Blub Blub party piæe breskva,5618880,0.75,"0,75l",Boca,Solevita,2.05,2.73,4056489568803,Piæe,2.05
Serrano šunka Gran Reserva,5709324,0.15,150g,Atmos-Posudica,Deluxe,3.99,26.6,4056489140160,Hrana,3.99
Digestive keksi,5712060,0.4,400g,Pakovanje,Sondey,1.29,3.23,4056489356042,Hrana,1.29
Parfem Acqua Fresh,5715014,0.085,100ml,Boca,Suddenly,5.99,59.9,4056489575276,Kozmetika,5.99
Prženi umak od rajèice s lukom,5719331,0.56,560g,Staklo,Sol&Mar,1.99,3.55,4335619025073,Hrana,1.99
Fuet SK1,5719775,0.15,150g,Kart. na prekl.,Deluxe,2.15,14.33,4335619074477,Hrana,2.15
Kukuruzni vafli s èokoladom i zobi,5720502,0.134,"4x33,5g",Pakovanje,Sondey,1.99,14.85,4335619107427,Hrana,1.99
Kocke za juhu SK2,5720527,0.72,720g,Box,Kania,4.39,6.1,4056489688921,Hrana,4.39
Španjolski kolaè SK1,5720673,0.3,300g,Blister,Sol&Mar,3.19,10.63,4335619108295,Hrana,3.19
Umak sa školjkama SK1,6000049,0.35,350g,Pakovanje,Italiamo,2.99,8.54,20334642,Hrana,2.99
Carpaccio od hobotnice ,6000244,0.15,150g,Plitica,Deluxe,4.49,29.93,20379018,Hrana,4.49
Mozzarella od bivoljeg mlijeka,6000720,0.5,500g,Kanta,Milbona,6.99,13.98,20128746,Hrana,6.99
Njoki s koprivom,6009989,0.4,400g,Vrecica,Deluxe,1.69,4.23,4056489162247,Hrana,1.69
Šunka odležana 11 mjeseci,6010126,0.1,100g,Atmos-Posudica,Dulano,1.99,19.9,4056489162667,Hrana,1.99
Pileæe i pureæe hrenovke,6011366,0.1,100g,Vakumir. pakov.,Pikok,0.45,4.5,4056489230601,Hrana,0.45
Dimljeni losos s pistacijom,6013670,0.1,100g,Kart. na prekl.,Deluxe,5.49,54.9,4056489524229,Hrana,5.49
Limoncello,6014157,0.3,300g,Posudica,Gelatelli,2.89,9.63,4056489525608,Hrana,2.89
Sladoled vanilija-èokolada-keks,6014162,0.37,370g,Posudica,Gelatelli,2.58,6.97,4056489525653,Hrana,Nije_bilo_u_prodaji_02.05.2025
Bufala stracciatella sir,6014172,0.15,150g,Posudica,Deluxe,2.29,15.27,4056489525684,Hrana,2.29
Ricotta desert SK4,6014676,0.11,110g,Staklo,Deluxe,1.59,14.45,4335619028982,Hrana,1.59
Sladoled vanilija-kava,6015484,0.37,370g,Posudica,Deluxe,2.97,8.03,4056489722458,Hrana,2.97
Tiramisu u staklenoj èaši,6016388,0.125,125g,Staklo,Deluxe,2.79,22.32,4056489890553,Hrana,2.79
Tjestenina SK5,6016823,0.5,500g,Vrecica,Italiamo,1.99,3.98,20002510,Hrana,1.99
Ricotta high protein,6016871,0.25,250g,Posudica,Milbona,1.79,7.16,4335619023390,Hrana,1.79
Meki sir,6018029,0.15,150g,Posudica,Deluxe,1.75,11.67,4335619029613,Hrana,1.75
Kakao biskvit s mlijeè. punj.,6018363,0.15,5x30g,Pakovanje,Milbona,1.99,13.27,4335619144972,Hrana,1.99
Kokice s okusom maslaca,6402919,0.3,3x100g,Vrecica,Snack Day,1.39,4.63,20948931,Hrana,1.39
Mješavina salata SK4,6403207,0.185,"170g,200g",Vrecica,Chef Select,1.19,5.95,20754891,Hrana,1.19
Bucatini s jajima,6403654,0.5,500g,Vrecica,Combino,1.29,2.58,20757038,Hrana,1.29
Debreciner kobasice,6405288,0.3,300g,Atmos-Posudica,Kuljanka,2.39,7.97,4056489667827,Hrana,2.39
"Svježi pureæi file, 850g",6406797,0.85,850g,Atmos-Pakiranje,-,8.99,10.58,4056489071358,Hrana,8.99
"Pureæa krila s kosti, cca. 750g",6406819,1,c.750g,Atmos-Pakiranje,-,3.89,3.89,2895930000000,Hrana,3.89
Alkoholni ocat 9%,6700688,1.012,1l,PET-Boca,-,0.69,0.69,20536237,Hrana,0.79
Voda s okusom limuna sa šeæerom,6701133,0.5,"0,5l",PET-Boca,Saguaro,0.55,1.1,4304493258877,Piæe,0.55
Dragee's SK9,6703020,0.016,16g,Pakovanje,Amanie,0.35,0.35,20378578,Hrana,0.39
Salama s lješnjacima,6703845,0.5,500g,Pakovanje,Deluxe,5.49,10.98,20837532,Hrana,5.49
Šareni draže bomboni,6704957,0.04,40g,Kart. na prekl.,Mister Choc,0.69,0.69,4335619060838,Hrana,0.69
Grickalice s okusom paprike XXL,6705100,0.3,300g,Vrecica,Snack Day,2.49,8.3,20839390,Hrana,2.49
Zobena kaša super food SK2,6706365,0.065,65g,Vrecica,Crownfield,0.59,9.08,4056489064527,Hrana,0.59
Kuhana šunka 95%,6707522,0.1,100g,Atmos-Pakiranje,Pikok Pure,1.39,13.9,4056489063513,Hrana,1.49
Pašteta SK5,6718742,0.2,200g,Staklo,Deluxe,4.49,22.45,4056489064688,Hrana,4.49
Suhi kvasac,6807139,0.035,5x7g,Samost.vreca,Belbake,0.65,0.65,4056489463962,Hrana,0.65
Aloe Vera SK1,6809192,0.5,"0,5l",PET-Boca,Solevita,1.49,2.98,4056489646877,Piæe,1.49
"Instant napitak limun, 500g",6900429,0.5,500g,Vrecica,Freeway,2.39,4.78,4056489074861,Piæe,2.39
Zimska salama XXL,6900630,0.66,660g,Vakumir. pakov.,Pikok,7.29,11.05,20368753,Hrana,6.99
Pivac Domaæa dimljena slanina,6900707,1,"ca. 1,2kg",Vakumir. pakov.,,9.99,9.99,2118380000000,Hrana,10.99
Podravka Goveða kocka,6900712,0.12,120g,Pakovanje,,2.19,18.25,3850104274862,Hrana,2.19
Dolcela Prašak za pecivo,6900755,0.072,6x12g,Vrecica,,0.99,13.75,3850104242175,Hrana,0.99
Vrhnje za kuhanje 10% m.m.,6901477,0.5,500ml,Pakovanje,Pilos,2.29,4.58,20778705,Hrana,2.29
Vrhnje za kuhanje 20% m.m.,6901478,0.5,500ml,Pakovanje,Pilos,2.29,4.58,20778712,Hrana,2.39
BO Kuk. pecivo sa sjem. suncokreta,6901542,0.08,80g,Rasuto,,0.29,3.63,3856016951501,Hrana,0.29
Ožujsko pivo s limunom 2%,6901565,0.5,"0,5l",Limenka,,1.55,3.1,3850131002063,Piæe,1.55
Bruschette Maretti s povræem,6901568,0.15,150g,Vrecica,,1.59,10.6,3800205877929,Hrana,1.59
Slane kokice XXL,6901625,0.15,150g,Vrecica,Snack Day,0.69,4.6,20779436,Hrana,0.69
Zlatan Plavac EKO,6901631,0.748,"0,75l",Boca,,8.99,11.99,3859888437562,Piæe,8.99
Toljaniæ Žlahtina,6901656,0.743,"0,75l",Boca,,5.97,7.96,3859889276016,Piæe,5.97
Èešnjovka/Dalmatinska kob. XXL SK1,6901672,0.4,400g,Vakumir. pakov.,Okusi zavièaja,5.49,13.73,20779023,Hrana,5.49
Domaæi rezanci s jajima XXL,6901673,0.5,500g,Vrecica,Okusi zavièaja,1.29,2.58,20779726,Hrana,1.29
XXL Napolitanke SK1,6901721,1,1000g,Vrecica,Tastino,2.69,2.69,20779641,Hrana,2.69
Bijele/kokos èokoladne kuglice,6901734,0.08,80g,Vrecica,Mister Choc,0.89,11.13,20779689,Hrana,0.89
BO Kruh sa chia sjemenkama,6901799,0.32,320g,Rasuto,,1.29,4.03,3859893136641,Hrana,1.29
Pileæa/pureæa hrenovka XXL,6901896,1.25,1250g,Pakovanje,Pikok,2.69,2.15,20662295,Hrana,2.69
Èokoladni Truffle kolaèiæi,6901897,0.225,225g,Pakovanje,Deluxe,2.99,13.29,20780180,Hrana,2.99
Èunga lunga žvakaæe gume Mega,6901905,0.015,15g,Pakovanje,,0.39,0.39,5310089001436,Hrana,0.39
"Dalmatinski pršut kom. sk, cca. 7kg",6901927,1,cca. 7kg,Mreza,Okusi zavièaja,12.99,12.99,2847840000000,Hrana,12.99
Champions Edition Flips s kikir.,6901947,0.1,100g,Vrecica,Snack Day,0.39,3.9,20780487,Hrana,0.39
"Malvazija, kvalitetno bijelo vino",6901987,1,1l,Boca,Winemakers of Croatia,4.49,4.49,4304493257566,Piæe,4.49
Kremšnita,6902006,0.34,340g,Pakovanje,Okusi zavièaja,3.29,9.68,20780715,Hrana,3.29
"Löwenbräu Svijetlo pivo 4,0%",6902038,0.5,"0,5l",Limenka,,0.8,1.6,3850131004715,Piæe,0.8
Capo pinca,6902100,0.4,400g,Vrecica,,1.59,3.98,3859890108740,Hrana,1.59
Kraš Domaæica original,6902156,0.3,300g,Kart. na prekl.,,3.19,10.63,3850102314126,Hrana,3.19
Kraš Griotte,6902165,0.204,204g,Kart. na prekl.,,5.49,26.91,3850102125821,Hrana,5.49
"Kozel Premium pivo 4,6%",6902216,0.5,"0,5l",Limenka,,1.49,2.98,8594404001449,Piæe,1.49
"Kozel Premium pivo 4,6%",6902216,0.5,"0,5l",Limenka,,1.49,2.98,8594404005782,Piæe,1.49
Dukat President Zagrebaèki sir,6902222,0.375,375g,Posudica,,1.89,5.04,3850355002498,Hrana,1.89
"Franck Kava Jubilarna, mljev., 500g",6902224,0.5,500g,Vrecica,,7.69,15.38,3858881088177,Piæe,7.69
Frozy Krakovi za peku i salatu,6902233,1,1kg,Pakovanje,,6.99,7.36,3858891040073,Hrana,6.99
Zvijezda Stolni margarin,6902244,0.25,250g,Pakovanje,,0.95,3.8,3856015314130,Hrana,0.95
Barkleys Classic SK10,6902264,0.05,50g,Limenka,,2.39,47.8,87313277,Hrana,2.39
Bruschette Maretti pizza,6902286,0.15,150g,Vrecica,,1.25,8.33,3800205872962,Hrana,1.25
"Mlada teletina za peèenje, cca. 2kg",6902353,1,cca. 2kg,Atmos-Pakiranje,Naša mesnica,8.59,8.59,2894692000000,Hrana,9.99
"Zvijezda Francuska salata, 500g",6902361,0.5,500g,Posudica,,4.49,8.98,3856015300331,Hrana,4.49
Faks Deterdžent za pranje rublja,6902386,5.2,"5,2kg",Vrecica,,13.49,2.59,3850105162557,Sredstva za èišæenje,13.49
"Jaja podni uzgoj, razred L, 10 kom.",6902414,0.68,10komad,Pakovanje,Okusi zavièaja,2.69,0.27,4056489926917,Hrana,2.69
Sensation Asia Lime. Kiwano,6902580,1.5,"1,5l",PET-Boca,,1.69,1.13,3858884602349,Piæe,1.69
Dorina Èokolada s keksom,6902632,0.08,80g,Pakovanje,,1.35,16.88,3850102117970,Hrana,1.35
Kraš Moto keksi kakao,6902642,0.36,360g,Pakovanje,,2.49,6.92,3850102523740,Hrana,2.49
Pasterizirana peè. pap. (OM 400g),6902660,0.68,720ml,Staklo,Freshona,2.59,6.48,20781149,Hrana,2.79
Libresse Ultra Normal higij. ulošci,6902679,0.12,20komad,Pakovanje,,2.55,0.13,7322541194998,Proizvodi za kuæanstvo,2.89
Cikla u kriškama (OM 360g),6902705,0.36,720ml,Staklo,Okusi zavièaja,1.49,4.14,20781217,Hrana,1.45
BO Somun,6902753,0.2,200g,Rasuto,,0.58,2.9,3859892480882,Hrana,0.58
Champions Edition Kokice slane,6902767,0.125,125g,Vrecica,Snack Day,0.59,4.72,40894188,Hrana,0.59
"Panonska salama, narezak",6902775,0.1,100g,Atmos-Pakiranje,Pikok Pure,2.29,22.9,20781446,Hrana,2.29
"Panceta, cca. 350g",6902818,1,ca. 350g,Vakumir. pakov.,Okusi zavièaja,11.9,11.9,2894720000000,Hrana,11.9
Zvijezda Suncokretovo ulje,6902824,3.68,4x1l,Pakovanje,,5.99,1.5,3856015312044,Hrana,5.99
Pik Kuhana šunka 350g,6902836,0.35,350g,Pakovanje,,3.49,9.97,3850139350241,Hrana,3.49
Èips rebrasti paprika,6902870,0.15,150g,Vrecica,Snack Day,1.15,7.67,40894874,Hrana,1.15
"Muškat žuti, kvalitetno bijelo vino",6902877,0.5,"0,5l",Boca,Winemakers of Croatia,6.49,12.98,4304493258204,Piæe,6.49
Pileæi odrezak iz filea,6902883,0.4,400g,Atmos-Pakiranje,Naša mesnica,3.39,8.48,20781491,Hrana,5.69
Pileæi ražnjiæi od filea,6902885,0.45,450g,Atmos-Pakiranje,Naša mesnica,5.09,11.31,40894553,Hrana,5.09
"PIK Mortadela, narezana, 150g",6902887,0.15,150g,Atmos-Pakiranje,,2.69,17.93,3850139171044,Hrana,2.69
Mljeveno miješano meso LIGHT,6902888,0.45,450g,Atmos-Pakiranje,Naša mesnica,2.99,6.64,40894928,Hrana,4.39
Špageti od durum pšeniène krupice,6903087,1,1000g,Vrecica,Combino,1.39,1.39,20781545,Hrana,1.69
"Goveði biftek, cca. 2kg",6903089,1,ca. 2kg,Vakumir. pakov.,Naša mesnica,24.79,24.79,2895513000000,Hrana,28.99
"Goveði biftek, cca. 2kg",6903089,1,ca. 2kg,Vakumir. pakov.,Naša mesnica,24.79,24.79,2895518000000,Hrana,28.99
"Goveði biftek, cca. 2kg",6903089,1,ca. 2kg,Vakumir. pakov.,Naša mesnica,24.79,24.79,2895519000000,Hrana,28.99
Kinder Bueno White 10 komada,6903122,0.39,390g,Pakovanje,,7.49,19.21,8000500127414,Hrana,7.49
Varžak Bagremov med,6903139,0.45,450g,Staklo,,7.16,15.91,3859888673045,Hrana,7.16
Lino Lada Namaz Duo,6903159,1,1kg,Staklo,,6.49,6.49,3856020213954,Hrana,6.49
Zagrebaèka kremšnita,6903198,0.32,320g,Pakovanje,Okusi zavièaja,2.99,9.34,20250614,Hrana,2.99
Stella Artois Svijetlo pivo 5%,6903235,2,"4x0,5l",Limenka,,6.11,3.06,3850131483374,Piæe,6.11
Rio Mare Tuna salata Meksiko,6903352,0.16,160g,Pakovanje,,4.65,29.06,8004030026018,Hrana,4.65
"Kefir 3,5%",6903366,1,1kg,PET-Boca,Pilos,1.65,1.65,4304493260160,Hrana,1.65
"Le Coq Cocktail Cosmopolitan, 4,7%",6903701,0.33,"0,33l",Boca,,1.52,4.61,4740098090618,Piæe,1.52
"Le Coq Cocktail Margarita, 4,7%",6903702,0.33,"0,33l",Boca,,1.52,4.61,4740098090632,Piæe,1.52
"Le Coq Cocktail Mojito, 4,7% ",6903703,0.33,"0,33l",Boca,,1.52,4.61,4740098002833,Piæe,1.52
Grah pinto,6903848,1,ca. 1kg,Rasuto,,1.49,1.49,3859892798581,Hrana,1.49
Grah pinto,6903848,1,ca. 1kg,Rasuto,,1.49,1.49,3859893124860,Hrana,1.49
"Vreæe za smeæe GASTRO, 150L",6903869,0.6,10komad,Traka,Purio,1.99,0.2,4056489073499,Proizvodi za kuæanstvo,1.99
"Istarsko svijetlo pivo 5,2% alk.",6903887,0.5,500ml,Limenka,,1.19,2.38,3850172201234,Piæe,1.19
Podravka Bistra dalmatinska juha,6904143,0.18,3x60g,Vrecica,,1.95,10.83,3850104272967,Hrana,1.95
"Svinjski kare odresci sk, cca. 600g",6904148,1,ca.600g,Atmos-Pakiranje,Naša mesnica,5.99,5.99,2891520000000,Hrana,5.99
Ukrasna vreæica 12x39x9cm,6904173,0.044,1komad,Pakovanje,,0.89,0.89,3856023029347,Proizvodi za kuæanstvo,0.99
Ukrasna vreæica 32x26x12cm,6904180,0.046,1komad,Vrecica,,1.45,1.45,3856023010703,Proizvodi za kuæanstvo,1.45
"Jaja iz podnog uzgoja XXL, razred L",6904263,1.02,15komad,Pakovanje,Okusi zavièaja,2.39,0.16,4056489926627,Hrana,2.39
Higijenske maramice za èišæenje SK1,6904511,0.455,2x80komad,Pakovanje,W5,1.99,0.01,4056489317555,Proizvodi za kuæanstvo,1.89
Dukat Lag. Jutro Traj. ml. bez lak.,6904551,1.032,1l,Pakovanje,,1.99,1.99,3850354014362,Hrana,1.99
'z bregov Mlij. protein nap. kokos,6904562,0.5,500ml,Pakovanje,,1.99,3.98,3850108023657,Hrana,1.99
V Guard Dezinf. sprej za djecu,6904583,0.093,100ml,PET-Boca,,1.99,19.9,3858891052052,Kozmetika,1.99
Havana rum Especial 40%,6904595,0.7,"0,7l",Boca,,12.39,17.7,8501110080927,Piæe,12.39
Multivita Kalcij plus šumeæe tab.,6904609,0.08,80g,Pakovanje,,2.19,27.38,3858881248212,Hrana,2.19
Encian Multi 24,6904615,0.045,30komad,Box,,4.59,0.15,3858890104868,Hrana,4.59
Carex Dezinfekcijski tekuæi sapun,6904621,0.25,250ml,Boca,,0.8,3.2,5900998000332,Kozmetika,0.8
Violeta Sredstvo za èišæ.poda Ocean,6904931,0.999,1l,Boca,,1.45,1.45,3870128017290,Sredstva za èišæenje,1.45
Badel Pelinkovac Gorki 31%,6904981,0.1,"0,1l",Boca,,1.69,16.9,3850112110398,Piæe,1.69
Juneæa leða odrezak,6904987,0.275,275g,Vakumir. pakov.,Naša mesnica,6.99,25.42,4056489316435,Hrana,6.99
Rolano carsko meso s kožom,6904990,1,cca 2kg,Vakumir. pakov.,,5.99,5.99,2868510000000,Hrana,5.99
Hippis BIO pouch jabuka/kruška/bana,6905083,0.1,100g,Vrecica,,1.35,13.5,4062300278530,Hrana,1.35
"Svježi pileæi filet, cca. 500g",6905085,1,ca. 500g,Atmos-Pakiranje,Naša mesnica,7.39,7.39,2868660000000,Hrana,7.39
"Svježa pileæa leða, cca. 750g",6905090,1,ca. 750g,Atmos-Pakiranje,Naša mesnica,1.69,1.69,2868680000000,Hrana,1.69
Podravka Grah s Hamburgerom,6905109,0.4,400g,Limenka,,2.85,7.13,3850104035746,Hrana,2.85
BO Focaccia s masl. uljem i ružmar.,6905144,0.13,130g,Rasuto,,0.59,4.54,4052917196143,Hrana,0.59
Meri Merino det. Col. 75pranj.,6905163,4.613,"4,5l",Boca,,5.69,0.08,3580111105739,Sredstva za èišæenje,5.69
Meðimurska gibanica,6905227,0.55,550g,Pakovanje,Okusi zavièaja,4.69,8.53,4056489316503,Hrana,4.69
Shake Mirisne granule za ormar SK1,6905239,0.038,1komad,Pakovanje,,1.89,1.89,3859890779360,Proizvodi za kuæanstvo,1.89
Proteini.si Zero sirup èokolada,6905324,0.32,320ml,PET-Boca,,4.39,13.72,3830069175046,Hrana,4.39
FSC Briketi za roštilj,6905372,2.5,"2,5kg",Vrecica,,3.19,1.28,3859888141155,Proizvodi za kuæanstvo,3.19
Kraš Domaæica Original Duopack,6905405,0.6,2x300g,Pakovanje,,4.49,7.48,3850102520169,Hrana,4.49
Franck Minas kava Jubilarna RETRO,6905408,0.25,250g,Pakovanje,,4.49,17.96,3850291052373,Piæe,4.49
BO Burek motani sir,6905439,0.22,220g,Rasuto,,1.19,5.41,4052917248064,Hrana,1.19
"Tuborg Svijetlo pivo 4,6%",6905524,3,"6x0,5l",Limenka,,6.49,2.16,8600331000223,Piæe,6.49
Fix umaci (62-70g) SK1,6905911,0.065,"62g,70g",Vrecica,Kania,0.49,7,4056489317401,Hrana,0.49
Fix umaci (43-50g) SK2,6905916,0.046,"43g,50g",Vrecica,Kania,0.49,9.8,4056489317425,Hrana,0.49
Fix umaci (43-50g) SK2,6905916,0.046,"43g,50g",Vrecica,Kania,0.49,11.4,4056489317449,Hrana,0.49
Dorina Èokolada SK1,6905966,0.231,"220g,250g",Pakovanje,,4.49,20.41,3850102501984,Hrana,4.49
Èvarci s paprikom,6906025,0.1,100g,Atmos-Pakiranje,Okusi zavièaja,2.79,27.9,4056489317661,Hrana,2.79
Mini pužiæi SK1,7208411,1,1kg,Pakovanje,1001 delights,3.86,3.86,4056489942658,Hrana,3.86
Mini pužiæi SK1,7208411,1,1kg,Pakovanje,1001 delights,3.86,3.86,4056489942665,Hrana,3.86
Perutnina Ptuj Pileæi narezak SK2,7300183,0.143,"125g,180g",Atmos-Pakiranje,,1.99,11.06,3838977024463,Hrana,1.99
BO Kukuruzni miješani kruh,7300514,0.5,500g,Rasuto,,1.49,2.98,3838700935981,Hrana,1.59
"Èvrsti jogurt 1,3%",7302272,0.4,400g,Posudica,Pilos,0.69,1.73,20306632,Hrana,0.69
Leone Sladoled na štapiæu SK1,7302358,0.21,6x60ml,Kart. na prekl.,,2.79,7.75,3830053878946,Hrana,2.79
Nimrod Svj.meso srne za gulaš,7303102,0.35,350g,Vakumir. pakov.,,4.79,13.69,3830034363522,Hrana,4.79
Domaæi kuhani štrukli,7303241,0.35,350g,Pakovanje,,2.95,8.43,3830070881417,Hrana,2.95
Proteinski prutiæ 50% SK7,7703649,0.045,45g,Pakovanje,-,1.35,1.35,4056489291015,Hrana,1.35
Bruschetta namaz SK2,7705168,0.15,150g,Posudica,Italiamo,1.53,10.2,20228071,Hrana,1.53
Mango mousse,7705252,0.16,2x80g,Posudica,Vitasia,2.49,15.56,20758660,Hrana,2.49
Noodles instant na azijski SK4,7706656,0.06,60g,Vrecica,,0.69,11.5,8852018101017,Hrana,0.69
Mousse SK2,7709622,0.35,350g,Sortirano,Deluxe,4.49,12.83,4056489290513,Hrana,4.49
Hrskavo peèenje od šunke,7714586,0.12,120g,Atmos-Pakiranje,Deluxe,1.79,14.92,4056489706847,Hrana,1.79
Proteinski prutiæ Creamy Bar SK1,7715083,0.04,40g,Pakovanje,-,1.59,1.59,4056489884927,Hrana,1.59
Adriatikos bijeli sir (OM 500g),9000134,0.55,550g,Plitica,Pilos,4.69,9.38,4056489508489,Hrana,4.69
Rolice s pizza nadjevom,9001835,1,1kg,Vrecica,Tastino,2.49,2.49,4056489274858,Hrana,2.49
Nutrino Lab pire Wake Up Mix,9002108,0.2,200ml,Vrecica,,1.69,8.45,8606019652937,Piæe,1.69
"Nutrino Lab pire jab,borov,viš",9002109,0.2,200ml,Vrecica,,1.69,8.45,8606019652968,Piæe,1.69
Junior pileæa pašteta,9002470,0.095,95g,Limenka,-,0.99,10.42,4056489508298,Hrana,0.85
Mileram XXL 25%,9002535,0.4,400g,Posudica,Pilos,1.25,3.13,4056489316725,Hrana,1.25
Plazma Kocka napolitanke,9003425,0.135,135g,Pakovanje,,1.49,11.04,8600043028263,Hrana,1.49
Twins pohane palaèinke SK3,9003521,0.4,400g,Pakovanje,,2.29,5.73,5319992169189,Hrana,2.29
Bijela èokolada s bademom,0158237,0.1,100g,Tabla,,1.29,12.9,4056489346036,Hrana,1.29
Set za njegu auta,0158469,1.029,1komad,Pakovanje,W5,6.69,6.69,4335619165922,Sredstva za èišæenje,6.69
Proteinski Cookies SK3,0158685,0.045,45g,Pakovanje,Sondey,1.59,1.59,4056489421313,Hrana,1.59
Aluminijske posude sa poklopcem,0158783,0.289,15komad,Pakovanje,Grillmeister,3.99,0.27,4056489351658,Proizvodi za kuæanstvo,3.99
Voæni namaz 85% SK6,0158868,0.245,245g,Staklo,Deluxe,2.47,10.08,4056489352471,Hrana,2.47
Mlijeko za sunèanje sensitive ZF 30,0159512,0.257,250ml,Boca,Cien Sun,5.99,23.96,4056489601715,Kozmetika,5.99
Desert od kokosa SK1,0160246,0.15,150g,Posudica,Vemondo,0.75,5,4056489404958,Hrana,0.75
High Protein napitak SK1,0160560,0.35,350g,PET-Boca,Milbona,1.49,4.26,4304493267466,Hrana,1.49
Deterdžent miris Bali,0160638,6.5,"6,5kg",Pakovanje,Formil,11.99,11.99,4335619016569,Sredstva za èišæenje,11.99
Premium sladoled na štapiæu SK1,0160838,0.288,4x90ml,Kart. na prekl.,Gelatelli,2.92,8.11,4056489411185,Hrana,2.92
Proteinski sladoled SK1,0160941,0.25,5x70ml,Kart. na prekl.,Gelatelli,3.49,9.97,4335619216761,Hrana,3.49
Sred. za èišæenje kupaonice citrus,0161175,1.006,1000ml,PET-Boca,W5,1.89,1.89,4056489497141,Sredstva za èišæenje,1.89
Mirisni osvježivaè prostora SK18,0161698,0.148,150ml,PET-Boca,W5,1.69,11.27,4056489232247,Sredstva za èišæenje,1.69
Mirisni osvježivaè prostora SK18,0161698,0.148,150ml,PET-Boca,W5,1.69,11.27,4056489232292,Sredstva za èišæenje,1.69
Mirisni osvježivaè prostora SK18,0161698,0.148,150ml,PET-Boca,W5,1.69,11.27,4335619092532,Sredstva za èišæenje,1.69
Lak za nokte Cocktail Caipirinha,0161993,0.011,11ml,Pakovanje,Cien Beauty,1.09,1.09,4056489430865,Kozmetika,1.09
Punjeni keksi UTZ SK1,6211539,0.15,150g,Kart. na prekl.,Eridanous,1.39,9.27,4056489907138,Hrana,1.39
Pureæi medaljoni XXL,6401093,1.5,1500g,Vrecica,Culinea,3.99,2.66,20384975,Hrana,3.99
Èips od jabuke,6402454,0.05,50g,Vrecica,Alesto,0.89,17.8,20683702,Hrana,0.89
Vjenèiæi s krem punjenjem SK1,6906117,0.39,390g,Pakovanje,Okusi zavièaja,3.29,8.44,4056489318019,Hrana,3.29
Suncokretovo ulje ,6906127,0.92,1l,Boca,Vita D'or,1.49,1.49,4056489316879,Hrana,1.49
Djeèje vlažne maramice XXL,6906140,0.585,2x64Blatt,Pakovanje,,1.29,0.65,4056489317289,Proizvodi za kuæanstvo,1.29
Blagdanski kolaè s makom,6906164,0.54,540g,Pakovanje,Okusi zavièaja,6.19,11.46,4056489610588,Hrana,6.19
Ukrasna vreæica 23x18x10cm,6906193,0.044,1komad,Pakovanje,,1.29,1.29,3858888911577,Proizvodi za kuæanstvo,1.29
"Karlovaèko Svijetlo pivo 5,0%",6906208,3,"6x0,5l",Limenka,,7.67,2.56,3850103902360,Piæe,7.67
"Vindi Iso Sport neg., bezalk. piæe",6906228,0.5,"0,5l",PET-Boca,,1.29,2.58,3850108073164,Piæe,1.29
BO Mini somun,6906324,0.08,80g,Rasuto,,0.29,3.63,4052917478874,Hrana,0.29
Hugo SK1,0137660,0.2,"0,2l",Limenka,Allini,1.29,6.45,4056489249276,Piæe,1.29
Tjestenina iz bronèanog kalupa SK1,0137932,0.5,500g,Vrecica,Combino,1.19,2.38,20104023,Hrana,1.19
"Bio kašica povræe, riža i govedina ",0138003,0.25,250g,Staklo,Lupilu,1.29,5.16,4056489882237,Hrana,1.29
Kremasti gel za tuširanje SK4,0138047,0.311,300ml,PET-Boca,Cien,1.69,5.63,20112011,Kozmetika,1.69
Kremasti gel za tuširanje SK4,0138047,0.311,300ml,PET-Boca,Cien,1.69,5.63,4056489236283,Kozmetika,1.69
Namaz svježi sirSK48,0138068,0.097,"100g,90g",Pakovanje,Deluxe,1.99,22.11,20112097,Hrana,1.99
Namaz svježi sirSK48,0138068,0.097,"100g,90g",Pakovanje,Deluxe,1.99,19.9,20112097,Hrana,1.99
Djeèje pelene midi,0138084,1.47,56komad,Pakovanje,Lupilu,6.79,0.12,4056489352778,Proizvodi za kuæanstvo,6.79
"Tuna u vlastitom soku, ATG: 600g",0138478,0.78,4x195g,Limenka,Nixe,5.49,9.15,20117122,Hrana,7.99
Talijanski desert SK8,0138667,0.5,500g,Pakovanje,Italiamo,3.49,6.98,20724498,Hrana,3.49
Krema za lice SK5,0138687,0.05,50ml,Kart. na prekl.,Cien Nature,1.93,1.93,4056489329800,Kozmetika,1.93
Draže bomboni SK7,0138721,0.174,174g,Samost.vreca,Sweet Corner,1.79,10.29,20134846,Hrana,1.79
Suha hrana za pse SK4,0138813,1.5,"1,5kg",Vrecica,Orlando Gourmet,2.39,1.59,4056489333548,Proizvodi za kuæanstvo,2.39
Kobasica SK2,0138902,0.275,"250g,300g",Atmos-Pakiranje,Grillmeister,3.29,10.97,20137076,Hrana,3.29
Poli - Poli pašteta Kids,7304761,0.095,95g,Limenka,,0.99,10.42,8606015009636,Hrana,0.99
Torte SK2,7306530,0.75,750g,Pakovanje,,8.79,11.72,3831001686040,Hrana,8.79
Koktel Mojito 0%,7306547,0.342,0.330l,Limenka,,1.19,3.61,3830055525701,Piæe,1.19
Gazirana stolna voda,7307442,1.5,"1,5l",PET-Boca,Saguaro,0.59,0.39,4304493260399,Piæe,0.65
Dimljena lopatica s kožom u mreži,7308705,1,ca.600g,Vakumir. pakov.,,4.85,4.85,2800353000000,Hrana,4.85
Mini-Brownies,7400915,0.24,240g,Kart. na prekl.,Sondey,2.59,10.79,20349486,Hrana,2.59
Schogetten SK92,0002838,0.1,100g,Tabla,,1.29,12.9,4000415025304,Hrana,1.29
Schogetten SK92,0002838,0.1,100g,Tabla,,1.29,12.9,4000415174903,Hrana,1.29
Schogetten SK92,0002838,0.1,100g,Tabla,,1.29,12.9,4000415730307,Hrana,1.29
Schogetten SK92,0002838,0.1,100g,Tabla,,1.29,12.9,4000607151507,Hrana,1.29
Schogetten SK92,0002838,0.1,100g,Tabla,,1.29,12.9,4000607172304,Hrana,1.29
Schogetten SK92,0002838,0.1,100g,Tabla,,1.29,12.9,4000607172908,Hrana,1.29
Mini kokos prutiæi,0002844,0.35,350g,Vrecica,Mister Choc,3.59,10.26,4056489231691,Hrana,3.59
Kinder Surprise,0002847,0.02,20g,Pakovanje,,1.49,1.49,40084107,Hrana,1.49
Müsli prutiæi SK50,0002858,0.2,200g,Kart. na prekl.,Crownfield,1.65,8.25,20080679,Hrana,1.65
Müsli prutiæi SK50,0002858,0.2,200g,Kart. na prekl.,Crownfield,1.65,8.25,20080709,Hrana,1.65
Müsli prutiæi SK50,0002858,0.2,200g,Kart. na prekl.,Crownfield,1.65,8.25,20422660,Hrana,1.65
Sredstvo za èišæenje WC-a SK9,0151454,1.023,1l,PET-Boca,W5,1.65,1.65,4056489563372,Sredstva za èišæenje,1.65
Primitivo Puglia IGT,0151636,0.75,"0,75l",Boca,-,3.99,5.32,4056489615576,Piæe,3.99
Premium Vodka 42%/40% Vol. SK1,0152018,0.662,"0,7l",Boca,,8.99,12.84,4304493265301,Piæe,8.99
Premium Vodka 42%/40% Vol. SK1,0152018,0.662,"0,7l",Boca,,8.99,12.84,4304493265349,Piæe,8.99
Èokoladna i voæna kaša SK1,0152422,0.375,375g,Vrecica,Crownfield,2.99,7.97,4056489238362,Hrana,2.99
Pjenušac suhi,0152671,0.75,"0,75l",Boca,Burg Schöneck,2.99,3.99,4056489849391,Piæe,2.99
Premium Sushi SK1,0152782,0.178,"168g,178,5g,185g",Pakovanje,select & go,3.79,20.49,4056489250180,Hrana,3.79
Premium Sushi SK1,0152782,0.178,"168g,178,5g,185g",Pakovanje,select & go,3.79,20.49,4056489250197,Hrana,3.79
"Svinjska kobasica, delikatesna",0152796,0.65,650g,Vakumir. pakov.,,3.79,5.83,20012816,Hrana,3.79
Dressing ljetni SK2,0152964,0.255,250ml,Staklo,Kania,1.79,7.16,4335619173491,Hrana,1.79
Sladoled na štapiæu èokolada,0153324,0.528,16x60ml,Kart. na prekl.,Ballino,3.99,4.16,4056489259619,Hrana,3.59
Bio maslac od kikirikija SK1,0153332,0.34,340g,Staklo,Mister Choc,3.69,10.85,4056489259633,Hrana,3.69
Bio maslac od kikirikija SK1,0153332,0.34,340g,Staklo,Mister Choc,3.69,10.85,4056489259640,Hrana,3.69
Pileæa prsa XXL SK8,0153481,0.4,400g,Atmos-Pakiranje,Dulano,4.99,12.48,4056489115328,Hrana,4.99
Dark 70% sladoled na štapiæu,0153561,0.082,110ml,Pakovanje,Gelatelli,1.29,11.73,4056489263036,Hrana,1.29
Vreæica velika 80% Recyceit Ecoloop,0153586,0.029,1komad,Nepakirano,-,0.15,0.15,4056489808428,Proizvodi za kuæanstvo,0.15
Eau de Parfum SK6,0153747,0.063,75ml,Kart. na prekl.,Suddenly,6.49,86.53,4056489268048,Kozmetika,6.49
Eau de Parfum SK6,0153747,0.063,75ml,Kart. na prekl.,Suddenly,6.49,86.53,4056489545583,Kozmetika,6.49
RFA Sok od naranèe s pulpom 100%,0168714,1.045,1l,Pakovanje,Solevita,3.49,3.49,4056489527794,Piæe,3.49
Maska za kosu šipak i keratin,0169257,0.018,1komad,Pakovanje,Cien,1.33,1.33,4056489532606,Kozmetika,1.33
Grickalice za pse SK6,0169319,0.14,"105g,135g,180g",Vrecica,Orlando,0.89,6.59,4056489333623,Proizvodi za kuæanstvo,0.89
Praline SK1,0169617,0.196,4x70ml,Kart. na prekl.,Gelatelli,3.49,12.46,4056489538196,Hrana,3.49
Mlinac s vanilijom,0169618,0.005,5g,Pakovanje,Belbake,2.89,2.89,4056489538219,Hrana,2.89
Churros SK1,0170832,0.225,225g,Kart. na prekl.,Sol&Mar,2.29,10.18,4056489558811,Hrana,2.29
Tjestenina bez glutena SK4,0074516,0.5,500g,Vrecica,free from,1.99,3.98,20284251,Hrana,1.99
Tjestenina bez glutena SK4,0074516,0.5,500g,Vrecica,free from,1.99,3.98,20401108,Hrana,1.99
Tjestenina bez glutena SK4,0074516,0.5,500g,Vrecica,free from,1.99,3.98,4056489133032,Hrana,1.99
Philips Aparat za šišanje,0391058,0.264,1ST,Pakovanje,,10,10,8710103842804,Kozmetika,10
Pizza jastuèiæi SK1,0174136,0.36,3x120g,Kart. na prekl.,1001 delights,3.35,9.31,4056489608769,Hrana,3.35
Cappuccino Sticks SK22,0174748,0.156,"142g,170g",Kart. na prekl.,Bellarom,1.79,10.53,4056489618744,Piæe,1.79
Premium pasta za zube SK1,0174757,0.07,125ml,Tuba,Dentalux,1.19,9.52,4056489618812,Kozmetika,1.19
Picco Pizzi XXL SK1,0174949,0.72,24x30g,Kart. na prekl.,Trattoria Alfredo,6.99,9.71,4056489620136,Hrana,6.99
"Vital pileæi Nuggets, panirani SK1",0175003,0.5,500g,Kart. na prekl.,Culinea,6.49,12.98,4056489620617,Hrana,6.49
Kava u zrnu Rosso RFA,0175043,1,1000g,Vrecica,Bellarom,12.39,12.39,4335619217966,Piæe,13.99
Dj. vodeni sladoled SK12,0175604,0.696,6x110ml,Kart. na prekl.,Bon Gelati,3.19,4.83,20289355,Hrana,3.19
Belgijske praline,0175665,0.25,250g,Pakovanje,Favorina,5.59,22.36,4056489798200,Hrana,5.59
Veganska èokolada,0176145,0.18,180g,Tabla,Vemondo,1.95,10.83,4056489640417,Hrana,1.95
Žitne pahuljice s okusom keksa,0176607,0.5,500g,Vrecica,Crownfield,1.99,3.98,4056489654346,Hrana,1.99
Lak za nokte Cocktail SK2,0177036,0.01,11ml,Pakovanje,Cien Beauty,1.29,117.27,4056489430858,Kozmetika,1.29
Toaletni papir 10x220 listiæa,0178279,1.273,2200Blatt,Pakovanje,Floralys,3.79,0.38,4056489715467,Proizvodi za kuæanstvo,3.79
Mješavina zaèina iz Provanse,0178353,0.031,"13g,35g,45g",Limenka,Duc de Coeur,1.49,1.49,4056489666295,Hrana,1.49
Paella na andaluzijski naèin,0179019,0.5,500g,Vrecica,Sol&Mar,2.99,5.98,4056489686118,Hrana,2.99
Chew4U draže bomboni voæni,0179383,0.038,38g,Pakovanje,,0.25,0.25,5707312006922,Hrana,0.25
Ledo Losos filet s kožom,6905605,0.4,400g,Vrecica,,7.29,18.23,3850116765716,Hrana,7.29
Colgate Pasta za zube Max White SK2,6905610,0.128,75ml,Tuba,,3.95,52.67,8718951050860,Kozmetika,3.95
"Pureæa šunka u mrežici, cca. 1kg",6905613,1,ca. 1kg,Vakumir. pakov.,Pikok,11.99,11.99,2868870000000,Hrana,11.99
Jimmy Fantastic Ml.èok.brownie/kar.,6905660,0.18,180g,Pakovanje,,1.99,11.06,8600939345948,Hrana,1.99
"Boom Box Zob.gr. š.voæe,badem,kok.",6905671,0.3,300g,Pakovanje,,3.49,11.63,3858890477313,Hrana,3.49
Jana Ledeni èaj malina hibiskus ,6905688,1.54,"1,5l",PET-Boca,,1.45,0.97,3858890876321,Piæe,1.45
Kraš PreKrašni Kol. sa pun. od lim.,6905692,0.22,220g,Vrecica,,1.89,8.59,3870450002100,Hrana,1.89
Pitroid Univerzalni sprej,6905727,0.4,400ml,Limenka,,5.49,13.73,3856007907760,Proizvodi za kuæanstvo,5.49
BO Domaæi klipiæ punjen šu. i sir.,6905746,0.07,70g,Rasuto,,0.99,14.14,4052917368663,Hrana,0.99
Colgate Extra Clean 1+1 èetk. za z.,6905759,0.002,2komad,Pakovanje,,2.09,1.05,8714789732244,Kozmetika,2.09
"Svinjski vrat sk, odrezak, ca. 600g",6905821,1,ca. 600g,Atmos-Pakiranje,Naša mesnica,5.79,5.79,2868980000000,Hrana,6.19
Grana padano 20mj. dozrijevan,6000900,0.09,90g,Vrecica,Deluxe,1.59,17.67,20443948,Hrana,1.59
Medaglioni bosiljak - pinjola,6000975,0.25,250g,Atmos-Posudica,Italiamo,1.89,7.56,20622701,Hrana,1.89
Rižoto SK5,6001161,0.175,175g,Vrecica,Kania,1.29,7.37,4056489468967,Hrana,1.29
Rižoto SK5,6001161,0.175,175g,Vrecica,Kania,1.29,7.37,4056489468974,Hrana,1.29
Ravioli punjeni u obliku srca,6001465,0.25,250g,Atmos-Posudica,Für Dich,1.79,7.16,20623401,Hrana,1.79
Gotova jela tjestenina SK1,6001772,0.175,175g,Vrecica,Kania,1.69,9.66,20623975,Hrana,1.69
Tuna i grašak,6001794,0.32,2x160g,Pakovanje,Nixe,2.99,9.34,4056489631347,Hrana,2.99
Krokant SK1,6002379,0.1,100g,Pakovanje,Italiamo,2.79,27.9,20633561,Hrana,2.79
Krokant SK1,6002379,0.1,100g,Pakovanje,Italiamo,2.79,27.9,20633578,Hrana,2.79
Visokokvalitetni namaz SK2,6002491,0.19,190g,Staklo,Mister Choc,1.99,10.47,20569631,Hrana,1.99
"Bechamel umak 10,5%m.m",6002594,0.527,500ml,Pakovanje,Italiamo,1.19,2.38,20634308,Hrana,1.19
Mozzarella pletenica,6003130,0.2,200g,Plitica,Italiamo,2.49,12.45,20822972,Hrana,2.49
Ravioli s kobasicom Chorizo,6003132,0.25,250g,Atmos-Posudica,Sol&Mar,1.99,7.96,20685010,Hrana,1.99
Dugi kornet,6003181,0.105,105g,Pakovanje,Gelatelli,0.99,9.43,20686437,Hrana,0.99
Pappardelle,6003429,0.25,250g,Atmos-Posudica,Deluxe,2.12,8.48,20822460,Hrana,2.12
Salama Cacciatore/Brianza DOP SK1,6004300,0.08,80g,Atmos-Posudica,Italiamo,2.99,37.38,20849580,Hrana,2.99
Provolone polutvrdi sir sort. SK1,6004394,0.3,300g,Atmos-Pakiranje,Italiamo,2.99,9.97,20098865,Hrana,2.99
Punjena tjestenina XXL SK1,6004399,0.3,300g,Atmos-Posudica,Chef Select,1.49,4.97,20849917,Hrana,1.49
Panirani arancini,6006459,0.3,300g,Vrecica,Italiamo,1.72,5.73,20050184,Hrana,1.72
Veganski medaljoni SK1,6006494,0.25,250g,Atmos-Posudica,Vemondo,1.89,7.56,20969929,Hrana,1.89
Omega 3 kapsule,5701140,0.057,80komad,Pakovanje,Optisana,3.98,0.05,20426040,Hrana,3.98
Mlijeèni desert vanil. i èoko. SK3,5701233,0.135,"130g,140g",Pakovanje,Sol&Mar,1.59,11.36,20705534,Hrana,1.59
Hijaluronska kiselina&kolagen kap.,5702571,0.018,30komad,Pakovanje,Optisana,3.99,0.13,20645953,Hrana,3.99
Hurricane sladoled,5702612,0.441,7x68g,Kart. na prekl.,Gelatelli,2.99,6.78,20396954,Hrana,2.99
Arganovo ulje za kosu,5702733,0.096,100ml,Dozator,Cien,3.49,34.9,20494971,Kozmetika,3.49
Osvježivaè za auto SK1,5702896,0.005,6ml,Boca,W5,1.29,215,20527198,Sredstva za èišæenje,1.29
Zelene šparoge s kozicama,5705264,0.4,400g,Vrecica,Sol&Mar,3.59,8.98,20879495,Hrana,3.59
Mini snack salama SK3,5705400,0.08,80g,Pakovanje,Latin American Style,1.39,17.38,20645052,Hrana,1.39
Mini snack salama SK3,5705400,0.08,80g,Pakovanje,Latin American Style,1.39,17.38,4056489965367,Hrana,1.39
Podravka Tirolska juha,6906373,0.067,67g,Vrecica,,1.39,20.75,3850104006777,Hrana,1.39
Gabriel kozji sir,6906389,0.3,300g,Vakumir. pakov.,,8.99,29.97,3859892805388,Hrana,8.99
Violeta Baby pelene Maxi 4 (7-18kg),6906426,2.101,60komad,Pakovanje,,14.99,0.25,3870128010253,Proizvodi za kuæanstvo,14.99
Frozy Panirana Jadranska srdela,6906430,0.3,300g,Kart. na prekl.,,2.39,7.97,3858891044842,Hrana,2.39
Suncokretovo ulje,6906438,0.92,1l,Boca,Vita D'or,1.49,1.49,4056489610946,Hrana,1.49
Cedevita instant napitak SK1,6906472,0.455,455g,Vrecica,,3.95,8.68,3850322014943,Piæe,4.19
Cedevita Instant napitak SK1,6906479,0.9,900g,Pakovanje,,6.39,7.1,3850322015049,Piæe,6.39
Ledo Savijaèa s vanilijom i š.voæem,6906513,1,2x500g,Pakovanje,,4.99,4.99,3850116003696,Hrana,4.99
"Encian Vitamin D, 30 kapsula",6906528,0.023,30komad,Kart. na prekl.,,3.15,0.1,3858890101126,Hrana,3.15
"Cuvee, kvalitetno crno vino",6906543,0.75,"0,75l",Boca,Winemakers of Croatia,4.99,6.65,4304493260016,Piæe,4.99
"Cuvee, vrhunsko crno vino",6906544,0.75,"0,75l",Boca,Winemakers of Croatia,5.99,7.99,4304493260023,Piæe,5.99
Ledeni èaj šumsko voæe,6906552,1.547,"1,5l",PET-Boca,Freeway,1.05,0.7,4304493260047,Piæe,1.05
"Le Coq Cocktail Pina Colada 4,7%",6906606,0.33,330ml,Boca,,1.19,3.61,4740098090656,Piæe,1.15
"Le Coq Cocktail Cuba Libre 4,7%",6906607,0.33,330ml,Boca,,1.19,3.61,4740098002956,Piæe,1.15
Gazirano piæe Orangina,6906625,1.25,"1,25l",PET-Boca,,2.49,1.99,3877000209613,Piæe,2.49
Illy Kava u zrnu,6906626,0.25,250g,Limenka,,6.99,27.96,8003753900520,Piæe,6.99
Dukatos Selection okus kava,6906655,0.15,150g,Posudica,,0.89,5.93,3850354016960,Hrana,0.89
The Garden Brewery Milchshake IPA,6906667,0.34,330ml,Limenka,,1.29,3.91,3858893810919,Piæe,1.29
Spirits of Croatia Teranino 16% ,6906673,0.5,"0,5l",Boca,,7.99,15.98,3859893222672,Piæe,7.99
"Svinjski vrat bez kosti, odrezak",6906682,1,ca. 600g,Atmos-Pakiranje,Naša mesnica,6.99,6.99,2803660000000,Hrana,6.99
Stari Lisac Cider,6906707,0.505,"0,5l",Limenka,,1.55,3.1,3850103902117,Piæe,1.55
Panonski kruh,6907020,0.6,600g,Vrecica,Tastino,1.29,2.15,3858893951865,Hrana,1.29
Kuhinjski ubrusi Maxi rola 2-slojni,6907036,0.495,300Blatt,Pakovanje,Floralys,1.59,1.59,4056489611424,Proizvodi za kuæanstvo,1.59
Svježi filet jadranske orade,6907070,0.3,300g,Atmos-Pakiranje,Naša ribarnica,8.89,29.63,4056489611462,Hrana,8.89
WC Net Citrus Fresh Gel za èišæenje,6907114,1.5,2x750ml,Pakovanje,,3.15,2.1,3859892558819,Sredstva za èišæenje,3.15
Jad. srdela u s. ulju sa suš. raj.,6907126,0.1,100g,Pakovanje,Okusi zavièaja,1.39,13.9,4056489612223,Hrana,1.39
Ornel Omekšivaè za rublje 96pr. SK1,6907137,2.4,"2,4l",PET-Boca,,5.99,2.5,3850105182340,Sredstva za èišæenje,6.59
Nila Tek.deterdžent 50 pranja SK1,6907141,2.7,"2,7l",PET-Boca,,8.89,3.29,3850105169662,Sredstva za èišæenje,9.29
Likvi Deterdžent za posuðe SK1,6907151,0.927,900ml,PET-Boca,,2.49,2.77,3850105170286,Sredstva za èišæenje,2.49
Rexona Dezodorans SK1,6907181,0.15,150ml,Pakovanje,,4.69,31.27,8717644585337,Kozmetika,4.69
Margo Nova Margarin 50%,6907188,0.225,225g,Posudica,,1.19,5.29,3856015327284,Hrana,1.19
Pjenušac Rose demiseco,6907205,0.75,"0,75l",Boca,Winemakers of Croatia,6.29,8.39,4056489611615,Piæe,6.29
Papirnate maramice 3-sloja 10x10kom,6907216,0.19,1komad,Pakovanje,Floralys,0.99,0.99,4052917736929,Proizvodi za kuæanstvo,0.99
Kuhinjski ubrusi 3-sloja 4x50 list.,6907217,0.58,4x50Blatt,Pakovanje,Floralys,1.79,0.45,4056489611653,Proizvodi za kuæanstvo,1.79
Vincinni Èokoladna torta,6907236,0.4,400g,Pakovanje,,2.65,6.63,5310345008667,Hrana,2.65
Bezalkoholni koktel SK1,6907271,0.33,"0,33l",PET-Boca,-,0.69,2.09,4056489611707,Piæe,0.69
Voæni prutiæ SK1,6407641,0.03,30g,Pakovanje,Alesto,0.44,0.44,4056489158264,Hrana,0.49
Voæni prutiæ SK1,6407641,0.03,30g,Pakovanje,Alesto,0.44,0.44,4056489158271,Hrana,0.49
Multivitamin 100%,6408260,1,1l,Box,Solevita,1.59,1.59,4056489271314,Piæe,1.59
Trapist dimljeni u listiæima,6409731,0.15,150g,Atmos-Pakiranje,Pilos,2.19,14.6,4056489338109,Hrana,2.19
BO Pogaèa sa sirom,6410263,0.077,77g,Rasuto,,0.49,6.36,4052917331032,Hrana,0.49
Goldenfood Svj. paèji batak-zabatak,6410895,1,"cca. 0,4-0,6kg",Vakumir. pakov.,,8.99,8.99,5996383780696,Hrana,8.99
Tekuæi deterdžent Orchidea COLOR,6415300,4,4000ml,Pakovanje,,5.99,1.5,4820196011392,Sredstva za èišæenje,5.99
Scrub Mommy Original Pink ,6415436,0.03,1komad,Pakovanje,,3.29,3.29,5060481022040,Sredstva za èišæenje,3.29
Umak na azijski naèin SK4,6600131,0.25,250ml,Boca,Vitasia,1.99,7.96,20121457,Hrana,1.99
Mini sladoledni desert SK1,6601297,0.1,140ml,Plitica,Deluxe,1.22,8.71,20597818,Hrana,1.22
Mini sladoledni desert SK1,6601297,0.1,140ml,Plitica,Deluxe,1.22,8.71,20597825,Hrana,1.22
Jelly Beans SK2,6601532,0.25,250g,Vrecica,MCENNEDY,1.59,6.36,20597177,Hrana,1.59
Amerièki sladoled SK16,6601570,0.43,"485ml,500ml",Posudica,Gelatelli,3.99,8.23,4056489220299,Hrana,3.99
Amerièki sladoled SK16,6601570,0.43,"485ml,500ml",Posudica,Gelatelli,3.99,7.98,4056489284567,Hrana,3.99
Amerièki sladoled SK16,6601570,0.43,"485ml,500ml",Posudica,Gelatelli,3.99,8.23,4056489284574,Hrana,3.99
Amerièki sladoled SK16,6601570,0.43,"485ml,500ml",Posudica,Gelatelli,3.99,7.98,4056489626121,Hrana,3.99
Amerièki sladoled SK16,6601570,0.43,"485ml,500ml",Posudica,Gelatelli,3.99,8.23,4056489626145,Hrana,3.99
Uskrsni kolaè maslac èokolada SK3,6602337,0.3,300g,Samost.vreca,Favorina,1.99,6.63,20772673,Hrana,1.99
Mini Amerièki sladoled SK1,6608650,0.114,150ml,Posudica,Gelatelli,1.79,11.93,4056489374602,Hrana,1.79
Povrtni wrap SK7,6612810,0.37,370g,Pakovanje,Vemondo,1.79,4.84,4056489476665,Hrana,1.79
Hrskavi muesli SK1,6700459,0.35,350g,Kart. na prekl.,Crownfield,1.85,5.29,20310622,Hrana,2.05
Beef BBQ Burger,0146732,0.125,125g,Rasuto,select & go,1.33,10.64,4056489109334,Hrana,1.33
"Mars,Snickers,Twix,Bou.Minis SK2",0147829,0.275,275g,Vrecica,,3.59,13.05,5000159473057,Hrana,3.59
Kurkuma mljevena,0147942,0.05,50g,Staklo,Kania,1.19,23.8,4056489142560,Hrana,1.19
Grill losos porcija XXL,0148249,0.375,375g,Plitica,Grillmeister,7.49,19.97,4056489470885,Hrana,7.49
Mesnata slanina XXL,0142363,0.3,2x150g,Pakovanje,Dulano,2.49,8.3,4056489792017,Hrana,3.19
Grickalice za pse premium SK4,0143111,0.1,100g,Vrecica,Orlando Pure Taste,2.99,29.9,4056489024675,Proizvodi za kuæanstvo,2.99
"Vodka 37,5% Vol.",0143719,0.67,"0,7l",Boca,Rachmaninoff,5.45,7.79,4056489027805,Piæe,5.45
Pan. pil. innerfile Cornf. panada,6904316,1,ca.500g,Atmos-Posudica,Gourmet,9.25,9.25,2835164000000,Hrana,9.25
Pan. pil. innerfile Cornf. panada,6904316,1,ca.500g,Atmos-Posudica,Gourmet,9.25,9.25,2835166000000,Hrana,9.25
Salama jelen / divlja svinja SK3,6904331,0.08,80g,Vakumir. pakov.,Okusi zavièaja,2.35,29.38,4056489073826,Hrana,2.35
"Svježe pile, cca. 2kg",6904372,1,ca. 2kg,Vrecica,,3.19,3.19,2146203000000,Hrana,3.19
Svježa jogurt pita,6904395,0.42,420g,Pakovanje,Okusi zavièaja,3.99,9.5,4056489074731,Hrana,3.99
"Dimljena šunka s kosti, cca. 6kg",6904437,1,ca. 6kg,Vakumir. pakov.,Pikok,4.89,4.89,2845194000000,Hrana,4.89
"Dimljena šunka s kosti, cca. 6kg",6904437,1,ca. 6kg,Vakumir. pakov.,Pikok,4.89,4.89,2845195000000,Hrana,4.89
"Dimljena šunka s kosti, cca. 6kg",6904437,1,ca. 6kg,Vakumir. pakov.,Pikok,4.89,4.89,2845197000000,Hrana,4.89
"Dimljena lopatica s kosti, cca. 5kg",6904438,1,ca.5 kg,Vakumir. pakov.,Pikok,4.65,4.65,2845200000000,Hrana,4.65
Premium sladoled SK11,0133116,0.427,500ml,Posudica,Gelatelli,3.99,7.98,20091972,Hrana,3.99
Sladoled štapiæi,0133318,0.25,"6x51ml,6x53ml,6x50ml",Kart. na prekl.,Gelatelli,2.34,7.65,4056489814849,Hrana,Nije_bilo_u_prodaji_02.05.2025
Mlijeko za sunèanje ZF 50,0133621,0.257,250ml,Boca,Cien Sun,5.99,23.96,4056489368793,Kozmetika,5.99
Baby vlažne maramice XXL SK1,0133951,0.554,100komad,Pakovanje,Lupilu,1.49,0.01,4056489532729,Proizvodi za kuæanstvo,1.49
Sprej za sunèanje ZF 30,0134608,0.201,200ml,Boca,Cien Sun,5.99,29.95,40897646,Kozmetika,5.99
Bio zobene pahuljice,0134634,0.5,500g,Pakovanje,Crownfield,0.99,1.98,4056489254157,Hrana,0.99
Prosecco Spumante Magnum,0134690,1.5,"1,5l",Boca,Allini,9.99,6.66,4056489436379,Piæe,9.99
Gumeni bomboni Party-Mix,0134953,0.425,425g,Vrecica,Sweet Corner,3.09,7.27,20008222,Hrana,3.09
Ukrasna vreæica 32x26x12cm,6906786,0.08,1komad,Pakovanje,,1.45,1.45,3856023029071,Proizvodi za kuæanstvo,1.45
Ukrasna vreæica 32x26x12cm,6906786,0.08,1komad,Pakovanje,,1.45,1.45,3856023029460,Proizvodi za kuæanstvo,1.45
Ukrasna vreæica 32x26x12cm,6906786,0.08,1komad,Pakovanje,,1.45,1.45,3856023029569,Proizvodi za kuæanstvo,1.45
Ukrasna vreæica 32x26x12cm,6906786,0.08,1komad,Pakovanje,,1.45,1.45,3856023031531,Proizvodi za kuæanstvo,1.45
Ukrasna vreæica 32x26x12cm,6906786,0.08,1komad,Pakovanje,,1.45,1.45,3856023049543,Proizvodi za kuæanstvo,1.45
Aranžman Klimt,6906797,0.8,1komad,Pakovanje,,11.94,11.94,3858892743935,Proizvodi za kuæanstvo,11.94
Cappuccino (RFA) SK2,6906884,0.2,200g,Vrecica,Bellarom,1.99,9.95,4056489611202,Piæe,1.99
Sredstvo za èiš. nadgrobnih spom.,6906909,0.515,500ml,PET-Boca,,3.39,6.78,3858883780970,Proizvodi za kuæanstvo,3.39
TOCO Multivitamin,6906947,1.53,"1,5l",PET-Boca,,1.69,1.13,3858890878615,Piæe,1.69
Tanqueray Blackcurrant Royale Gin,6906975,0.7,"0,7l",Boca,,18.99,27.13,5000291025824,Piæe,18.99
Cappuccino SK4,5523540,0.13,130g,Vrecica,Bellarom,1.09,8.38,4056489061281,Piæe,1.09
Det. za ruèno pranje posuða SK9,5525905,1.025,1l,PET-Boca,-,1.09,1.09,4056489179108,Sredstva za èišæenje,1.09
Sred. za posuða u gelu koncen. SK4,5528354,0.918,900ml,PET-Boca,W5,1.49,1.66,4056489259770,Sredstva za èišæenje,1.49
Krumpirovi jastuèiæi sa sv. i gove.,5528628,1,1kg,Vrecica,Kuljanka,3.19,3.19,4056489260929,Hrana,3.19
"Instant napitak 2u1, 10x14g",5529663,0.14,140g,Vrecica,Bellarom,1.25,8.93,4056489586463,Piæe,1.49
Gyoza s piletinom i povræem SK1,5530965,0.238,238g,Atmos-Pakiranje,Chef Select,2.59,10.88,4056489283652,Hrana,2.59
Voæni èaj SK1,5531343,0.04,20x2g,Kart. na prekl.,Lord Nelson,1.19,1.19,4056489184423,Piæe,1.19
Vlažni bioraz. toaletni papir SK1  ,5531980,0.2,60komad,Pakovanje,Floralys,0.79,0.01,4056489284543,Proizvodi za kuæanstvo,0.79
Vlažni bioraz. toaletni papir SK1  ,5531980,0.2,60komad,Pakovanje,Floralys,0.79,0.01,4056489304173,Proizvodi za kuæanstvo,0.79
Univ. bio. vl. maram. za èiš. SK1,5532381,0.476,80komad,Pakovanje,W5,1.99,0.02,4056489302094,Proizvodi za kuæanstvo,1.99
"Pureæi filet XXL, cca. 1-1,5 kg",5533555,1,"ca.1-1,5kg",Vakumir. pakov.,RZEZNIK,7.69,7.69,2894251000000,Hrana,7.75
Bob Snail voæne rolice SK6,5538170,0.03,30g,Pakovanje,,1.19,1.19,4820219344278,Hrana,1.19
Sredstva za èišæenje auta,5542404,1,1komad,Vrecica,,7.39,7.39,5905807007830,Sredstva za èišæenje,7.39
BBQ umak SK1,5543409,0.354,"350g,355g,360g",PET-Boca,Grillmeister,1.89,5.32,4056489584612,Hrana,1.89
Svinjska potrbušina peèena,5545654,1,cca. 400g,Atmos-Posudica,Kuljanka,9.79,9.79,2848034000000,Hrana,9.79
Mlijeèna èokolada s nadjevom SK6,5545795,0.1,100g,Tabla,,1.29,12.9,5904358566575,Hrana,1.29
BO Donut s punj. jag.,5547193,0.07,70g,Nepakirano,,0.69,9.86,4056489624042,Hrana,0.69
Bio super hrana u prahu SK2,0187590,0.178,"150g,200g",Vrecica,Optisana,4.99,2.5,4056489816928,Hrana,4.99
Bio super hrana u prahu SK2,0187590,0.178,"150g,200g",Vrecica,Optisana,4.99,2.5,4056489816935,Hrana,4.99
Protein prutiæ 50% 3x45g SK5,0188213,0.135,3x45g,Pakovanje,-,3.89,28.81,4056489822448,Hrana,3.89
Gel za tuširanje SK1,0188521,0.412,400ml,PET-Boca,Cien,1.19,2.98,4056489826934,Kozmetika,1.19
Sapun za ruke Prem. Sizil. St. SK1,0188537,0.515,500ml,PET-Boca,Cien,1.99,3.98,4335619161160,Kozmetika,1.99
Muški gel za tuširanje Sommer SK2,0188610,0.412,400ml,Boca,Cien men,1.29,3.23,4056489827108,Kozmetika,1.29
Smjesa za macaronse SK3,0188832,0.25,250g,Kart. na prekl.,Duc de Coeur,2.29,9.16,20694272,Hrana,2.29
Obiteljski šampon SK2,0189434,1.03,1l,PET-Boca,Cien,1.39,1.39,4056489845331,Kozmetika,1.39
Mediteranski zaèini SK2,0189653,0.027,"16g,27g,28g,30g,35g",Staklo,Italiamo,1.59,58.89,20046392,Hrana,1.59
Internacionalna gotova jela SK1,0189655,0.825,825g,Plitica,Chef Select,3.29,3.99,4056489821755,Hrana,3.29
High Protein riža na mlijeku SK1,0191691,0.2,200g,Posudica,Milbona,0.99,4.95,4056489857334,Hrana,0.99
High Protein riža na mlijeku SK1,0191691,0.2,200g,Posudica,Milbona,0.99,4.95,4056489857358,Hrana,0.99
Pesto s tartufima SK1,0192434,0.14,140g,Staklo,Deluxe,1.89,13.5,4056489864851,Hrana,1.89
Gin & Tonic 5% Vol.,0192526,0.327,"0,33l",Limenka,Castelgy,1.15,3.48,4304493269729,Piæe,1.15
Šeæerna dekoracija Uskrs SK33,0192649,0.027,"11g,12g,16g,25g,4x25g",Kart. na prekl.,Belbake,1.99,180.91,20947125,Hrana,1.99
Šeæerna dekoracija Uskrs SK33,0192649,0.027,"11g,12g,16g,25g,4x25g",Kart. na prekl.,Belbake,1.99,19.9,4056489442264,Hrana,1.99
Krema za stopala SK2,0193005,0.1,100ml,Tuba,Cien,1.39,13.9,4056489869801,Kozmetika,1.39
Margherita obiteljska pizza,0193166,1.2,3x400g,Kart. na prekl.,Trattoria Alfredo,6.49,5.41,20822378,Hrana,7.49
"Bio kašica s mrkvom, krum., i pile.",0193630,0.19,190g,Staklo,Lupilu,0.95,5,4056489882190,Hrana,0.95
Korejska instant tjestenina,0193723,0.12,120g,Posudica,Vitasia,0.69,5.75,4056489932406,Hrana,0.69
Kukuruzne grickalice SK1,0193872,0.1,100g,Vrecica,Halloween,1.59,15.9,4056489883074,Hrana,1.59
Voæni liker 16% SK1,0194045,0.75,"0,7l",Boca,Sunrise,4.99,7.13,4304493270794,Piæe,4.99
Gotova jela za tavu SK57,0194158,0.75,750g,Vrecica,Culinea,4.49,5.99,4056489127277,Hrana,4.49
Hummus SK43,0194606,0.2,200g,Plitica,Vitasia,1.19,5.95,4056489550587,Hrana,1.19
Krumpirov èips SK4,0194631,0.15,150g,Vrecica,Deluxe,1.59,10.6,4056489889915,Hrana,1.59
Kobasica Salsiccia SK1,0194696,0.25,250g,Vakumir. pakov.,Deluxe,3.79,15.16,4056489890188,Hrana,3.79
Pribor za manikuru-pedikuru,0418625,0.034,"2ST,1ST",Pakovanje,Cien,3,3,4055334936538,Kozmetika,3
Pribor za manikuru-pedikuru,0418625,0.034,"2ST,1ST",Pakovanje,Cien,3,3,4055334936545,Kozmetika,3
Pribor za manikuru-pedikuru,0418625,0.034,"2ST,1ST",Pakovanje,Cien,3,3,4055334936576,Kozmetika,3
Univerzalna krpa od mikrovla. SK10,0085302,0.063,"2komad,3komad",Kart. na prekl.,W5,2.35,1.18,20431839,Proizvodi za kuæanstvo,2.35
Univerzalna krpa od mikrovla. SK10,0085302,0.063,"2komad,3komad",Kart. na prekl.,W5,2.35,1.18,20431860,Proizvodi za kuæanstvo,2.35
Kozmetièki kovèeg,0435978,1.064,1ST,Pakovanje,,7,7,4335633006928,Kozmetika,7
Kozmetièki kovèeg,0435978,1.064,1ST,Pakovanje,,7,7,4335633006935,Kozmetika,7
Èetka za kosu,0435985,0.109,1ST,Pakovanje,Cien BEAUTY,1,1,4335633000193,Kozmetika,1
"Dom.dim.kob,za kuh. i peè.,cca.500g",6907870,1,ca. 550g,Atmos-Pakiranje,Okusi zavièaja,11.99,11.99,2896450000000,Hrana,11.99
Vesh Tekuæi deterdžent Power Gel Co,6907891,4.184,4l,Boca,,13.99,3.5,3870128033887,Sredstva za èišæenje,13.99
Lana Milk kiselo vrhnje 20%,6907904,0.85,850g,Pakovanje,,2.29,2.69,5998200571053,Hrana,2.29
Lino Pillows Milk,6907950,0.25,250g,Vrecica,,3.19,12.76,3850104259616,Hrana,3.19
Dolcela Vanilin šeæer,6907959,0.048,6x8g,Vrecica,,0.99,0.99,3856020258511,Hrana,0.99
"PP Svježe ""Meðimursko"" mar. pile",6907974,1,"ca. 1,6kg",Pakovanje,,3.69,3.69,2114380000000,Hrana,3.69
Žito Jaja razred S,6908015,0.48,10komad,Pakovanje,,0.95,0.1,3859889711654,Hrana,0.95
Voli Voli Suha hrana za pse govedin,6908030,13,13kg,Vrecica,,9.49,0.73,3859893822711,Proizvodi za kuæanstvo,9.49
Violeta toaletni papir 20/1 3sl Str,6908036,1.294,20x110Blatt,Pakovanje,,4.99,0.25,3859892289652,Proizvodi za kuæanstvo,4.99
Sunlove maska za kosu ,6908046,0.25,250ml,PET-Boca,,3.99,15.96,3850177003765,Kozmetika,3.99
Sunlove Uljni gel za tuširanje SK1,6908054,0.256,250ml,PET-Boca,,2.59,10.36,3850177003758,Kozmetika,2.59
Vina Belje Graševina,6908055,3,3l,Box,,7.99,2.66,3850257019457,Piæe,7.99
Hipp Bio Voæna ploèica ban. i viš.,6908095,0.023,23g,Pakovanje,,1.05,1.05,4062300362215,Hrana,1.05
BO Domaæi craft klipiæ,6908106,0.06,60g,Rasuto,,0.62,10.33,4052917910145,Hrana,0.59
Aquafresh Pasta za zube SK2,6908130,0.1,100ml,Tuba,,2.69,26.9,5054563203649,Kozmetika,2.69
Parodontax Pasta za zube SK2,6908139,0.075,75ml,Tuba,,5.55,74,5054563215208,Kozmetika,5.55
Èoksa èokolada banana-biskvit,6908145,0.068,68g,Pakovanje,,1.39,20.44,3850102001606,Hrana,1.39
"Rolana lopatica u mrežici, bez kože",6908160,1,"ca. 1,1kg",Vakumir. pakov.,Pikok,5.89,5.89,2894170000000,Hrana,5.89
Leæevaèki kravlji sir rezani SK2,6908166,0.1,100g,Vakumir. pakov.,Okusi zavièaja,2.79,27.9,4056489925613,Hrana,2.79
"Pure Milk Voæni jogurt jagoda 3,2%",6908202,0.15,150g,Posudica,,0.29,1.93,5998200571237,Hrana,0.29
Jabuka zelena Zlatni delišes,0080185,1,1kg,Rasuto,,1.69,1.69,4056489919681,Hrana,1.69
Jabuka crvena 2kg,0080230,2,2kg,Pakovanje,,1.99,1,3859889267960,Hrana,1.99
Kruška rinfuza,0080275,1,1kg,Rasuto,,2.49,2.49,4056489919711,Hrana,2.49
Avokado Haas,0080616,0.269,1komad,Rasuto,,1.09,1.09,4335619165915,Hrana,1.19
Avokado 700g,0080619,0.7,700g,Pakovanje,,2.99,4.27,20462062,Hrana,3.29
Kokos,0080696,0.471,1komad,Rasuto,,0.99,0.99,20552749,Hrana,0.99
Physalis,0080735,0.1,100g,Pakovanje,,0.49,4.9,7709990240436,Hrana,1.29
Borovnica 125g,0080820,0.125,125g,Pakovanje,,1.49,11.92,20305826,Hrana,1.49
Borovnica 125g,0080820,0.125,125g,Pakovanje,,1.49,11.92,3859889652391,Hrana,1.49
Malina 125g,0080835,0.125,125g,Pakovanje,,1.19,9.52,3859889267243,Hrana,2.29
"Jabuka crvena, Fuji",0081273,1,1kg,Rasuto,,1.99,1.99,4056489919810,Hrana,1.99
Mini krastavac 250g,0082241,0.25,250g,Pakovanje,,1.79,7.16,3859893446290,Hrana,1.79
Rotkvica,0082273,0.25,250g,Pakovanje,,0.79,3.16,20625160,Hrana,0.79
Povræe za juhu,0082332,0.5,500g,Pakovanje,,1.29,2.58,3859889267809,Hrana,1.29
Rajèica koktel 250g,0082410,0.25,250g,Pakovanje,,1.49,5.96,20228675,Hrana,1.49
Rajèica koktel 250g,0082410,0.25,250g,Pakovanje,,1.49,5.96,3859893446252,Hrana,1.49
Rajèica Mix 300g,0082495,0.3,300g,Pakovanje,,1.49,4.97,20309725,Hrana,1.99
Cheddar SK4,5206760,0.225,"200g,250g",Pakovanje,Milbona,3.79,15.16,20575243,Hrana,3.79
Keksi,5210950,0.21,210g,Pakovanje,Hatherwood,1.29,6.14,20114329,Hrana,1.29
Kolaè od sira SK7,5231951,0.443,"430g,450g",Kart. na prekl.,Hatherwood,5.19,12.07,4056489755968,Hrana,5.19
Kolaè od sira SK7,5231951,0.443,"430g,450g",Kart. na prekl.,Hatherwood,5.19,11.53,4056489755968,Hrana,5.19
"Kare,narezani SK2",5300489,0.3,300g,Atmos-Pakiranje,Hatherwood,2.99,9.97,20688400,Hrana,2.99
Gouda listiæi XXL,5500121,0.5,500g,Atmos-Posudica,Pilos,4.99,9.98,20496760,Hrana,4.99
Gouda listiæi XXL,5500121,0.5,500g,Atmos-Posudica,Pilos,4.99,9.98,20980528,Hrana,4.99
Voæni èaj SK6,5500270,0.047,"20x2,1g,20x2,4g,20x2,5g",Kart. na prekl.,Lord Nelson,1.39,1.39,20498153,Piæe,1.39
"Jako pivo 7,2%",5500395,0.5,"0,5l",Limenka,Argus,1.09,2.18,4056489877738,Piæe,1.09
Kocke za juhu SK6,5500632,0.12,120g,Kart. na prekl.,Kania,0.75,6.25,20420628,Hrana,0.75
Svježi filet pileæih prsa,6907295,1,ca. 1kg,Vakumir. pakov.,,5.65,5.65,2895148000000,Hrana,5.25
Vero Svježa grill kobasica pikant,6907297,0.42,420g,Atmos-Pakiranje,,2.49,5.93,3858892095348,Hrana,2.49
Kraš Frondi Vafel kakao i mlijeko,6907301,0.225,225g,Pakovanje,,2.45,10.89,3850102007547,Hrana,2.45
Kraš Frondi Vafel kakao,6907302,0.25,250g,Pakovanje,,2.45,9.8,3850102002245,Hrana,2.45
Corny Müsli ploèica 3 komada,6907327,0.15,150g,Pakovanje,,2.49,16.6,3856027800478,Hrana,2.49
Lino Keksolino Multigrain keksiæi,6907351,0.14,140g,Vrecica,,1.69,12.07,3856020254858,Hrana,1.69
"Jana 6x1,5l",6907364,9,"6x1,5l",PET-Boca,,4.85,0.54,3858890874082,Piæe,4.85
Mix ribe za juhu i brudet,6907405,0.75,750g,Atmos-Pakiranje,-,4.69,6.25,4056489612056,Hrana,4.69
AVIKO Pommes Frites 11x11 ,6907428,2.5,"2,5kg",Vrecica,,6.99,2.8,8710449026104,Hrana,6.99
Krakovi humboldtove lignje,6907458,0.46,460g,Atmos-Pakiranje,Naša ribarnica,3.39,7.37,4056489612254,Hrana,3.39
Eva Tuna salata Balance,6907472,0.16,160g,Limenka,,1.99,12.44,3856020263874,Hrana,1.99
Dar Vegan Desert èok. i lješnjak,6907510,0.5,4x125g,Posudica,,1.99,3.98,3850108028102,Hrana,1.99
"Šibenska pivovara Faust, lager 4,4%",6907520,0.5,"0,5l",Limenka,,1.99,3.98,3857500050991,Piæe,1.99
"Šibenska pivovara Mihovil, bl. ale ",6907522,0.5,"0,5l",Limenka,,1.99,3.98,3857500050977,Piæe,1.99
Meri Merino Tekuæi deterdžent Color,6907527,4.1,4l,Vrecica,,5.59,1.4,3850111105869,Sredstva za èišæenje,5.59
"Cromaris Zubatac, ca. 900g",6907560,1,ca. 900g,Atmos-Pakiranje,,21.99,21.99,2128025000000,Hrana,21.99
BO Domaæi hrskavi zlatni kruh,6907625,0.42,420g,Rasuto,,1.19,2.83,3859892466688,Hrana,1.19
Juicy Fruits Naranèa-nektarina,6907639,1.529,"1,5l",PET-Boca,,1.39,0.93,3858890975123,Piæe,1.39
Flips s kikirikijem,6907642,0.15,150g,Vrecica,Snack Day,0.89,5.93,4056489925200,Hrana,0.89
Palmolive Tekuæi sapun SK1,6907657,0.519,500ml,Vrecica,,2.99,5.98,8003520039545,Kozmetika,2.99
Lumen Lampion s religijskim motivom,6907659,0.29,1komad,Pakovanje,,2.29,2.29,3870634073766,Proizvodi za kuæanstvo,2.29
Proteinski napitak limunada,6907681,0.059,"58,8g",Pakovanje,,12.99,220.92,3830081423828,Hrana,12.99
Proteinski napitak Bazga,6907682,0.062,"61,6g",Pakovanje,,12.99,210.88,3830081423842,Hrana,12.99
Proteinska ploèica vanilija,6907685,0.05,50g,Pakovanje,,2.49,49.8,3830081429028,Hrana,2.49
Proteini limun,6907687,0.2,200g,Pakovanje,,8.89,44.45,3830081425426,Hrana,8.89
Proteini Kreatin,6907688,0.2,200g,Pakovanje,,15.99,79.95,3830069176906,Hrana,15.99
WC Net Gel za odèepljivanje odvoda,6907689,2.32,2x1l,Pakovanje,,4.99,2.5,3858893904731,Sredstva za èišæenje,4.99
Borotalco Dezodorans u spreju SK1,6907698,0.09,150ml,Pakovanje,,3.49,23.27,8002410043587,Kozmetika,3.89
Medni sufle SK2,6907716,0.2,200g,Staklo,,3.25,16.25,0792649827901,Hrana,3.25
"Suha domaæa kobasica, ca. 500g",6907751,1,ca. 500g,Atmos-Pakiranje,,15.99,15.99,2151420000000,Hrana,15.99
"'z bregov Trajno mlijeko 2,8% m.m.",6901025,1,1l,Pakovanje,,1.02,1.02,3850108020908,Hrana,1.02
"Ožujsko Svijetlo pivo 5%, 2l",6901076,2,2l,PET-Boca,,3.62,1.81,3850131001608,Piæe,3.62
"Sauvignon, kvalitetno bijelo vino",6901083,0.743,"0,75l",Boca,Winemakers of Croatia,5.49,7.32,4304493256699,Piæe,5.49
Nivea Krema,6901135,0.242,250ml,Kozm.posudica,,5.15,20.6,4005808158041,Kozmetika,5.15
"Leffe Blond pivo, 6,6%",6901137,0.33,"0,33l",Boca,,1.89,5.73,5410228166665,Piæe,1.89
"Corona svijetlo pivo 4,5%",6901140,0.355,"0,355l",Boca,,2.05,5.77,75032814,Piæe,2.05
Pitroid Sprej protiv leteæih kukaca,6901186,0.28,300ml,Limenka,,3.69,12.3,3856007903625,Proizvodi za kuæanstvo,3.69
"Sok od prešanih jabuka XXL, mutni",6901202,5,5l,Pakovanje,Okusi zavièaja,4.49,0.9,4056489074434,Piæe,4.49
"'z bregov Jogurt 2,8% m.m.",6901294,1.75,"1,75l",PET-Boca,,2.99,1.71,3850108031263,Hrana,2.99
"Kinder Bueno mini, 108g",6901348,0.108,108g,Vrecica,,2.99,27.69,8000500180709,Hrana,2.99
Tuš za oèi SK3 ,0120329,0.006,1komad,Pakovanje,Cien Beauty,2.35,2.35,4056489619833,Kozmetika,2.35
Tradicionalna kobasica Oktoberfest,0120756,0.4,400g,Vakumir. pakov.,Alpenfest,3.99,9.98,20781804,Hrana,3.49
Gumeni bomboni,0120822,0.3,300g,Vrecica,Sweet Corner,1.61,5.37,20724108,Hrana,1.79
BO Hrenovka u lisnatom sa senfom,0120952,0.11,100g,Rasuto,,0.69,6.9,20786519,Hrana,0.69
Proljetna juha s povr. i tjest.,0121215,0.066,66g,Pakovanje,Kania,0.69,10.45,20800055,Hrana,0.69
Gouda mlada,0121223,0.45,450g,Pakovanje,Milbona,5.79,12.87,20800208,Hrana,5.79
Višenamjenske vlažne maramice,0121962,0.498,100komad,Pakovanje,W5,1.49,0.01,4335619082984,Proizvodi za kuæanstvo,1.49
Alkalna baterija AAA,0121965,0.115,10komad,Pakovanje,Tronic,2.25,0.23,4056489617013,Proizvodi za kuæanstvo,2.25
"Deterdž. za rublje 3u1 kapsule, SK1",0179547,0.539,22komad,Box,Formil,5.79,0.26,4056489694168,Sredstva za èišæenje,5.79
Cantuccini XXL SK4,0179716,0.5,500g,Vrecica,Italiamo,2.99,5.98,4056489697398,Hrana,2.99
Sauvignon Blanc Valle Maule,0179749,0.75,"0,75l",Boca,Deluxe,3.99,5.32,4056489686743,Piæe,3.99
Spring rolls SK3 ,0179946,0.4,400g,Kart. na prekl.,Vitasia,2.99,7.48,20138394,Hrana,2.99
"Ulošci s Aloe Vera, SK1",0180483,0.167,"20komad,24komad,28komad",Pakovanje,Siempre,2.09,0.1,4056489713586,Proizvodi za kuæanstvo,2.09
"Ulošci s Aloe Vera, SK1",0180483,0.167,"20komad,24komad,28komad",Pakovanje,Siempre,2.09,0.07,4056489726340,Proizvodi za kuæanstvo,2.09
Cabanossi SK1,0180492,0.2,200g,Vrecica,Dulano,2.99,14.95,4056489713623,Hrana,2.99
Hrana za maèke XXL SK2,0180681,2.4,24x100g,Kart. na prekl.,Coshida,6.99,2.91,20262686,Proizvodi za kuæanstvo,6.99
Talijanska kobasica SK24,0180753,0.1,100g,Atmos-Pakiranje,Deluxe,2.89,28.9,4056489714958,Hrana,2.89
Bio pasirane rajèice s bosiljkom,0182358,0.7,720ml,Boca,Baresa,1.99,2.84,4056489745488,Hrana,1.99
Univerzalno sred. za èišæenje SK1,0182565,1,1l,PET-Boca,W5,1.69,1.69,4056489749653,Sredstva za èišæenje,1.69
Proteinski miks za palaèinke SK1,0182807,0.15,150g,Vrecica,Belbake,2.49,16.6,4056489751397,Hrana,2.49
Easy snack XXL SK1,0183860,0.725,"700g,750g",Pakovanje,Culinea,6.99,9.32,4056489754978,Hrana,6.99
BO Krafna u obliku srca,0184002,0.072,72g,Rasuto,,0.59,8.19,4056489758808,Hrana,0.59
Krema za sunèanje ZF50,0184438,0.103,100ml,Tuba,Cien Sun,3.89,38.9,4056489764137,Kozmetika,3.89
Kotanyi Secrets SK4,0184462,0.035,"25g,30g,35g,38g,40g",Vrecica,,0.79,0.79,9001414010150,Hrana,0.79
Kotanyi Secrets SK4,0184462,0.035,"25g,30g,35g,38g,40g",Vrecica,,0.79,0.79,9001414418109,Hrana,0.79
Èokoladni napitak u prahu SK4,0184572,0.25,250g,Pakovanje,Deluxe,6.69,26.76,20526078,Hrana,6.69
Sir u listiæima sa zaèinima OGT SK2,0185014,0.1,100g,Pakovanje,Milbona,1.49,14.9,4056489781783,Hrana,1.49
"Kapsule za kavu, vanilija",0185267,0.058,58g,Kart. na prekl.,Bellarom,2.29,39.48,4056489787051,Piæe,2.29
Churros cimet,0166104,0.375,375g,Kart. na prekl.,El Tequito,1.99,5.31,4056489482512,Hrana,1.89
Chili con Carne,0166912,0.9,900g,Plitica,El Tequito ,4.49,4.99,4056489494850,Hrana,3.32
Hummus XXL SK1,0167094,0.3,300g,Posudica,Chef Select,1.39,4.63,4009017189001,Hrana,1.39
Kapsule za kavu Espresso XXL RFA,0167111,0.384,3x128g,Pakovanje,Bellarom,9.99,26.02,4056489494768,Piæe,9.99
Wrap punjenje SK1,0167261,0.4,400g,Limenka,El Tequito,2.69,6.73,4056489290834,Hrana,2.69
Family Smoothie SK2,0167992,0.793,"0,75l",PET-Boca,Solevita,3.19,4.25,4304493266735,Hrana,3.19
Lagani snackovi SK8,0168202,0.25,250g,Pakovanje,Culinea,2.79,11.16,20644369,Hrana,2.79
Jogurt SK17,0168449,0.175,175g,Posudica,Milbona,0.89,5.09,4056489404965,Hrana,0.89
Krema za ruke SK7,0168553,0.101,100ml,Tuba,Cien,1.04,10.4,4056489849643,Kozmetika,1.15
BO Muffin od tri vrste èokolade,0129313,0.1,100g,Rasuto,,0.99,9.9,20937416,Hrana,0.99
Riža dugog zrna (12-15min),0129568,1,1kg,Samost.vreca,Golden Sun,1.45,1.45,20941697,Hrana,1.99
Grill sir SK2,0129767,0.2,200g,Pakovanje,Grillmeister,2.19,10.95,20942588,Hrana,2.19
Claudel/Istara Sirni specijaliteti,0130333,0.195,"150g,200g,220g",Pakovanje,,2.99,13.59,3228024090303,Hrana,2.99
Aromat. koktel na bazi vina Mango,0130416,0.75,"0,75l",Boca,Allini,1.95,2.6,4056489654438,Piæe,1.95
Grickalice za pse SK1,0130809,0.16,"100g,150g,200g",Vrecica,Orlando,0.89,8.9,20971571,Proizvodi za kuæanstvo,0.89
MaxxMee Ureðaj za èišæenje pora,0427935,0.21,1ST,Pakovanje,,5,5,4067523022243,Kozmetika,5
Èetka za kosu,0426577,0.102,1ST,Pakovanje,,1,1,4058143058095,Kozmetika,1
Èetka za kosu,0426577,0.102,1ST,Pakovanje,,1,1,4058143058118,Kozmetika,1
Èetka za kosu,0426577,0.102,1ST,Pakovanje,,1,1,4058143058132,Kozmetika,1
Kozmetièko ogledalo,0435638,0.301,1ST,Pakovanje,Cien BEAUTY,3,3,4334036084502,Kozmetika,3
"Svježa teleæa jetra, cca.600g",6903553,1,cca. 600g,Atmos-Pakiranje,,8.49,8.49,2895840000000,Hrana,8.49
Duracell Basic K5 SK2,6903598,0.095,5komad,Pakovanje,,6.49,1.3,5000394047006,Proizvodi za kuæanstvo,6.49
Duracell Basic K5 SK2,6903598,0.095,5komad,Pakovanje,,6.49,1.3,5000394117839,Proizvodi za kuæanstvo,6.49
Ralon Losion poslije brijanja ,6903624,0.085,85ml,Boca,,2.79,32.82,3856007900976,Kozmetika,2.79
Argeta Mesna pašteta SK1,0001041,0.095,95g,Limenka,,1.29,13.58,3838975567030,Hrana,1.39
Èetka za kosu,0437870,0.078,1ST,Pakovanje,Cien BEAUTY,1,1,4335633005594,Kozmetika,1
Tekuæi deterdžent 44pr. SK4,0207266,2.237,"2,2l",PET-Boca,Formil,4.89,2.22,4056489915355,Sredstva za èišæenje,4.89
"Kapsule za pranje rublja 3u1, SK1",0207441,0.598,34x13g,Vrecica,Formil,6.49,14.68,4335619023666,Sredstva za èišæenje,6.49
kinder Mini Eggs Dark & Mild,0207791,0.085,85g,Vrecica,,2.69,31.65,8000500409268,Hrana,2.69
Pasta za zube Trend SK2,0210471,0.06,100ml,Tuba,Dentalux,0.77,7.7,4056489618799,Kozmetika,0.85
Tekuæi sapun,0210532,0.733,750ml,PET-Boca,Cien,1.29,1.72,4335619057920,Kozmetika,Nije_bilo_u_prodaji_02.05.2025
"Käsewelt gouda, cca.3kg",0211915,1,ca. 3kg,Pakovanje,,5.99,5.99,2802217000000,Hrana,5.99
"Käsewelt gouda, cca.3kg",0211915,1,ca. 3kg,Pakovanje,,5.99,5.99,2802218000000,Hrana,5.99
Deluxe Gin Tonic 10%,0212212,0.69,0.750l,Boca,Deluxe,4.59,6.12,4304493271586,Piæe,4.59
Papar u mlincu SK2,0212395,0.087,"90g,85g",Staklo,Deluxe,3.52,39.11,4335619266186,Hrana,3.52
Deterdžent za rublje 100pr SK4,0213225,5.05,5l,PET-Boca,Maxitrat,7.69,7.69,4056489989387,Sredstva za èišæenje,7.69
Cola,0215316,0.518,"0,5l",PET-Boca,Freeway,0.75,1.5,4304493261464,Piæe,0.75
Tart sa sirom/ribanim tijestom SK44,0215581,1.25,1250g,Kart. na prekl.,Alpenfest,5.39,4.31,20193447,Hrana,4.99
Tart sa sirom/ribanim tijestom SK44,0215581,1.25,1250g,Kart. na prekl.,Alpenfest,5.39,4.31,20193454,Hrana,4.99
Veganski torteloni SK2,0215659,0.25,250g,Pakovanje,Vemondo,1.99,7.96,4056489483489,Hrana,1.99
Veganski njoki SK1,0215733,0.5,"400g,600g",Vrecica,Vemondo,1.29,2150,4056489706304,Hrana,1.29
Mileram 22%,6908235,0.3,300g,Posudica,Pilos,1.49,4.97,4056489925767,Hrana,1.49
"Tekuæi jogurt 0,5%",6908236,1,1kg,PET-Boca,Pilos,1.39,1.39,4056489925774,Hrana,1.39
Proteini.si Protein bar Vanilla Ice,6908241,0.05,50g,Pakovanje,,1.15,23,3830081429837,Hrana,1.15
Koestlin Voæne kocke,6908243,0.74,740g,Vrecica,,2.99,4.04,3856014114946,Hrana,2.99
Primax Vreæe za smeæe s vezicom,6908249,0.272,15komad,Traka,,1.69,0.11,3859890458104,Proizvodi za kuæanstvo,1.69
Peèenica,6908255,0.5,500g,Atmos-Pakiranje,Okusi zavièaja,8.49,16.98,4056489925811,Hrana,8.49
Èajna kobasica narezak,6908269,0.25,250g,Atmos-Pakiranje,Pikok,2.85,11.4,4056489925897,Hrana,2.85
Nivea Gel za tuširanje SK1,6908301,0.512,500ml,PET-Boca,,5.99,11.98,9005800282480,Kozmetika,4.49
Nivea Essentiall Krema SK1,6908309,0.051,50ml,PET-Boca,,6.99,139.8,4005900935267,Kozmetika,6.99
Kraš Tortica Lino Lada,6908320,0.021,21g,Pakovanje,,0.55,0.55,3850102008735,Hrana,0.55
Tata Mata Pileæa hrenovka,6908331,0.5,500g,Vakumir. pakov.,,1.99,3.98,3858890933178,Hrana,1.99
Ricola SK1,6908383,0.04,40g,Pakovanje,,1.59,1.59,7610700923092,Hrana,1.59
Podravka Senf Estragon Squeeze,6908449,0.31,310g,PET-Boca,,1.99,6.42,3856020268909,Hrana,1.99
Thomas Henry Wild Berry,6908462,0.75,"0,75l",Boca,,3.99,5.32,4251760801796,Piæe,3.99
Karlovaèko pivo 5% roðendanska boca,6908469,0.505,"0,5l",Boca,,0.99,1.98,3850103902636,Piæe,0.99
"""Karla"" Fuži s tartufima",6908473,0.25,250g,Vrecica,,2.99,11.96,3858881509092,Hrana,2.99
Ledo Quattro Colori Fruit sladoled,6908483,0.75,1500ml,Posudica,,4.49,2.99,3850116064321,Hrana,4.49
Ledo Lignja patagonijska cijela,6908491,0.5,500g,Pakovanje,,5.79,11.58,3850116713250,Hrana,5.79
Lacalut Pasta za zube SK1,6908503,0.091,75ml,Tuba,,4.29,57.2,4016369728680,Kozmetika,4.29
PIK Rijeka Kajzerice 5x50g,6908504,0.25,250g,Rasuto,,0.79,3.16,3850135242656,Hrana,0.79
Kinder Kinderini Keksi,6908535,0.25,250g,Pakovanje,,2.99,11.96,8000500391228,Hrana,2.99
Libresse Ultra Normal hig. ul. XXL,6908562,0.207,40komad,Pakovanje,,2.99,0.07,7322541195032,Proizvodi za kuæanstvo,2.99
Sanitas Set za manikuru- pedikuru,0459908,0.342,1ZSE,Pakovanje,,7,7,4211125853631,Kozmetika,7
Losion za tijelo SK7,0098716,0.412,400ml,PET-Boca,Cien,2.39,5.98,4056489213444,Kozmetika,2.39
Losion za tijelo SK7,0098716,0.412,400ml,PET-Boca,Cien,2.39,5.98,4335619081055,Kozmetika,2.39
BB Krema za lice SK5,0098901,0.052,50ml,Kart. na prekl.,Cien,2.64,52.8,4056489036258,Kozmetika,2.69
Nescafe Dolce Gusto Barista 30kom,0000516,0.21,210g,Kutija,,8.99,42.81,7613036830119,Piæe,8.99
Nescafe Dolce Gusto Esp.Rist. Arden,0000520,0.21,210g,Kutija,,8.99,42.81,7613035762121,Piæe,8.99
Gillette Simply Venus Jedn. brit. ,0000535,0.14,12komad,Pakovanje,,11.89,0.99,7702018070732,Kozmetika,11.89
Always Ultra Quattro ulošci SK,0000536,0.165,"40komad,24komad,28komad,20komad",Pakovanje,,4.99,0.18,8006540903766,Proizvodi za kuæanstvo,4.99
Always Dailies Dnevni ulošci SK,0000537,0.123,"52komad,44komad,58komad",Pakovanje,,2.99,0.07,4015400565574,Proizvodi za kuæanstvo,2.99
Naturella Ultra ulošci SK,0000538,0.148,"40komad,32komad,28komad",Pakovanje,,4.79,0.17,8006540399569,Proizvodi za kuæanstvo,4.79
Gran Cereale Biscutis Classic,0000543,0.25,250g,Stanga,,1.39,5.56,8076809540124,Hrana,1.39
Gillete Venus Sm. St. zam. britvice,0000593,0.039,10komad,Pakovanje,,13.59,1.36,8700216075145,Kozmetika,13.59
Herbal Essences šampon jagoda&metv.,0000616,0.419,400ml,PET-Boca,,4.55,11.38,8006540318614,Kozmetika,4.55
Persil Prašak za pranje rublja Sil.,0000630,6.05,"6,05kg",Nosivo pak.,Henkel,23.99,23.99,9000101806083,Sredstva za èišæenje,23.99
Jar Platinum Plus Tablete za pranje,0000640,1.607,90kom,Pakovanje,,21.99,0.24,8006540816714,Sredstva za èišæenje,21.99
"Ariel kapsule mountain spring, 72k.",0000662,1.578,72komad,Pakovanje,,22.99,0.32,8006540799055,Sredstva za èišæenje,22.99
"Ariel kapsule color fresh, 72kom.",0000663,1.476,72komad,Pakovanje,,22.99,0.32,8001090725769,Sredstva za èišæenje,22.99
Ariel kapsule All in One Plus,0000665,1.368,52kom,Pakovanje,,20.99,0.4,8001090804808,Sredstva za èišæenje,20.99
"Ariel tekuæi deterdžent Color, 74pr",0000667,3.822,"3,7l",PET-Boca,,15.49,4.19,8006540869390,Sredstva za èišæenje,15.49
o.b. ProComfort Tamponi SK,0000678,0.1,32komad,Kart. na prekl.,,6.49,0.2,3574661485218,Proizvodi za kuæanstvo,6.49
Milka kuglice Oreo,0000681,0.086,86g,Samost.vreca,,2.59,30.12,7622210862860,Hrana,2.59
Haribo gumeni bomboni SK1,0000701,0.2,200g,Vrecica,,2.45,12.25,9002975309509,Hrana,2.45
Fa Gel za tuširanje SK4,0000719,0.77,750ml,PET-Boca,Henkel,4.99,6.65,9000101263916,Kozmetika,4.99
Schauma šampon SK2,0000720,0.77,750ml,Dozator,Henkel,6.99,9.32,9000101681123,Kozmetika,6.99
Ledeni èaj breskva,0000801,0.5,"0,5l",PET-Boca,Freeway,0.65,1.3,4056489271758,Piæe,0.65
"Filet lososa s kožom, cca. 200-400g",0124551,1,ca. 200-400g,Pakovanje,-,19.99,19.99,2895631000000,Hrana,19.99
"Filet lososa s kožom, cca. 200-400g",0124551,1,ca. 200-400g,Pakovanje,-,19.99,19.99,2895635000000,Hrana,19.99
Bio Organic Pizza ,0124649,0.421,421g,Kart. na prekl.,Trattoria Alfredo,4.19,9.95,20899226,Hrana,4.19
"Pšenièno pivo 5,5%",0125033,4.026,"6x0,5l",Boca,Perlenbacher,6.09,2.03,20866457,Piæe,6.09
Uljni sprej za sunèanje ZF 20,0125381,0.226,250ml,PET-Boca,Cien,5.99,23.96,4056489368762,Kozmetika,5.99
Èips SK1,0125537,0.2,200g,Vrecica,Eridanous,1.59,7.95,20871840,Hrana,1.59
Tamna i bijela èok. s lješnj. SK43,0126770,0.1,100g,Tabla,Fin Carré,1.59,15.9,20815356,Hrana,1.69
"Ukrasi za lice, kosu i nokte",0458590,0.023,1ST,Pakovanje,Cien BEAUTY,0.5,0.5,4335747045615,Kozmetika,0.5
"Ukrasi za lice, kosu i nokte",0458590,0.023,1ST,Pakovanje,Cien BEAUTY,0.5,0.5,4335747045622,Kozmetika,0.5
"Ukrasi za lice, kosu i nokte",0458590,0.023,1ST,Pakovanje,Cien BEAUTY,0.5,0.5,4335747045646,Kozmetika,0.5
"Ukrasi za lice, kosu i nokte",0458590,0.023,1ST,Pakovanje,Cien BEAUTY,0.5,0.5,4335747045660,Kozmetika,0.5
BBQ kobasice SK1,0195050,0.22,220g,Atmos-Pakiranje,Deluxe,3.03,13.77,4056489904632,Hrana,3.03
Pizza od indijskog kruha,0195157,0.3,300g,Kart. na prekl.,1001 delights,2.99,9.97,4056489905011,Hrana,2.99
BO Èokoladni donut,0195731,0.066,66g,Rasuto,,0.65,9.85,5410683149869,Hrana,0.59
Jogurt s Yuzu SK1,0196202,0.15,150g,Posudica,Vitasia,0.59,3.93,4056489917670,Hrana,0.59
Obrok u boci SK4,0196805,0.5,500ml,PET-Boca,Pilos,2.79,5.58,4304493270312,Hrana,2.79
Obrok u boci SK4,0196805,0.5,500ml,PET-Boca,Pilos,2.79,5.58,4304493270336,Hrana,2.79
Kuskus SK1,0196894,0.09,"89g,90g",Posudica,1001 delights,1.29,14.49,4056489920106,Hrana,1.29
Maramice za èišæenje lica SK2,0197694,0.172,2x25komad,Pakovanje,Cien,1.59,0.03,4056489916307,Proizvodi za kuæanstvo,1.59
Maramice za èišæenje lica SK2,0197694,0.172,2x25komad,Pakovanje,Cien,1.59,0.03,4056489916314,Proizvodi za kuæanstvo,1.59
Curry SK1,0198532,0.262,262g,Pakovanje,Vitasia,3.69,14.08,4056489932642,Hrana,3.21
"Grickalice za maèke, SK4",0198601,0.15,150g,Vrecica,Coshida,1.29,8.6,4056489928232,Proizvodi za kuæanstvo,1.29
High Protein Pizza SK5,0198603,0.367,"354g,379g",Kart. na prekl.,Trattoria Alfredo,3.99,11.27,4056489526285,Hrana,3.99
Tuna u suncokretovom ulju,0200047,0.74,4x185g,Limenka,Nixe,7.99,10.8,4335619174351,Hrana,7.99
Izbor predjela SK3,0200900,0.275,"250g, 300g",Plitica,Eridanous,3.25,13,4335619084414,Hrana,Nije_bilo_u_prodaji_02.05.2025
"Snickers èokoladica, 50g",0201015,0.05,50g,Pakovanje,,0.99,19.8,5000159461122,Hrana,0.99
Veganska pizza Margherita,0201995,0.34,340g,Kart. na prekl.,Vemondo,1.79,5.26,4056489988137,Hrana,1.79
Ketchup,0202079,0.564,500ml,PET-Boca,Kania,1.45,2.9,4056489988656,Hrana,1.59
Kotanyi Zaèini za roštilj,0202883,0.08,80g,Limenka,,1.99,24.88,9001414003299,Hrana,1.99
Kotanyi Quick & Easy SK2,0203026,0.033,"25g,26g,30g,35g,40g",Vrecica,,0.69,0.69,9001414237212,Hrana,0.69
Grèki umaci SK1,0204413,0.19,190g,Staklo,Eridanous,2.14,11.26,4335619011311,Hrana,Nije_bilo_u_prodaji_02.05.2025
Humus SK56,0205149,0.175,175g,Plitica,Chef Select,1.19,6.8,4056489961321,Hrana,1.19
XXL Zaèin za salatu u limenci SK1,0205405,0.154,"140g,155g,160g,165g",Limenka,Kania,2.99,19.29,4335619015241,Hrana,2.99
XXL Zaèin za salatu u limenci SK1,0205405,0.154,"140g,155g,160g,165g",Limenka,Kania,2.99,18.12,4335619015241,Hrana,2.99
Vafli od svj. jaja i pr. okus lje. ,0206423,0.225,225g,Pakovanje,Confiserie Firenze,1.99,8.84,4335619015005,Hrana,1.99
Šampon protiv prhuti SK2,0206574,0.411,400ml,PET-Boca,Cien,1.59,3.98,4056489827177,Kozmetika,1.59
Šampon protiv prhuti SK2,0206574,0.411,400ml,PET-Boca,Cien,1.59,3.98,4056489827184,Kozmetika,1.59
Pro Vitamin Šampon 2u1  SK1,0206650,0.413,400ml,PET-Boca,Cien,2.09,5.23,4056489994244,Kozmetika,2.09
Mlijeèni desert Amerika SK1,0206709,0.5,900ml,Posudica,Bon Gelati,4.49,4.99,4335619021211,Hrana,4.49
Green Story Namaz od povræa SK1,5549128,0.18,180g,Staklo,,1.69,9.39,5900012012419,Hrana,1.69
Skarby Serowara Sir u komadu SK2,5549887,0.18,180g,Pakovanje,,2.99,16.61,5900857011233,Hrana,2.89
Voæni mousse XXL SK5,5550523,0.2,200g,Vrecica,Freshona,0.99,4.95,4056489584384,Hrana,0.99
Mlij. èok. kik. i grožð./draže SK2,5553479,0.1,100g,Tabla,,1.09,10.9,5904358566612,Hrana,1.19
"Gel za tuširanje, SK2",5554705,1.025,1l,Pakovanje,Cien,1.61,1.61,4056489783695,Kozmetika,1.89
Gotovo jelo SK2,5555400,0.4,400g,Atmos-Posudica,Kuljanka,2.19,5.48,4056489784692,Hrana,2.19
"Gel za intimnu njegu, SK2",5556056,0.41,400ml,Pakovanje,Siempre,1.69,4.23,4056489785354,Kozmetika,1.69
Bellona vafl s kremom,5557512,0.046,46g,Pakovanje,Mister Choc,0.69,0.69,4056489811640,Hrana,0.69
Fin Carré Berliner s ml. i oraš.,5557895,0.09,90g,Rasuto,,0.89,9.89,4056489812708,Hrana,0.89
Gel za pranje rublja SK1,5560585,2.07,"1,98l",PET-Boca,Formil,4.29,2.17,4056489881476,Sredstva za èišæenje,4.29
Sred. za pra. posuð. u gel kon. SK1,5564310,1.03,1l,PET-Boca,W5,1.79,1.79,4335619007093,Sredstva za èišæenje,1.79
Gel za tuširanje XXL SK1,5565737,1,1000ml,Pakovanje,Cien,1.99,1.99,4335619035027,Kozmetika,1.99
Èaj u vreæici SK2,5566453,0.076,"40x1,7g,40x2g",Limenka,Deluxe,2.59,38.09,20690786,Piæe,2.59
Voæni sapun SK2,5568852,0.09,90g,Pakovanje,Cien,0.35,3.89,4335619189492,Kozmetika,0.35
Krem sapun SK1,5568858,0.15,150g,Pakovanje,Cien,0.79,5.27,4335619189539,Kozmetika,Nije_bilo_u_prodaji_02.05.2025
Pribor za manikuru-pedikuru,0444728,0.04,1ST,Pakovanje,Cien BEAUTY,0.5,0.5,4335747006791,Kozmetika,0.5
Sušilo za kosu,0444780,0.593,1ST,Pakovanje,Silvercrest Personal Care,7,7,4335747009099,Kozmetika,7
Ureðaj za uvijanje kose,0444853,0.72,1ST,Pakovanje,Silvercrest Personal Care,10,10,4335747009044,Kozmetika,10
Set za manikuru-pedikuru,0444854,0.331,1ST,Pakovanje,Silvercrest Personal Care,7,7,4335747009006,Kozmetika,7
Set za manikuru-pedikuru,0444854,0.331,1ST,Pakovanje,Silvercrest Personal Care,7,7,4335747009020,Kozmetika,7
Set kozmetièkih kistova u torbici,0444863,0.174,1ST,Pakovanje,Cien BEAUTY,6.99,6.99,4335747008986,Kozmetika,6.99
Turpije za stopala,0444865,0.052,1ST,Pakovanje,Cien BEAUTY,0.5,0.5,4335633058071,Kozmetika,0.5
Umak za salatu sort. SK3,0013078,0.315,300ml,Boca,McEnnedy,1.69,5.63,20816605,Hrana,1.69
Sprej za èišæenje kupaonice ,0013207,0.524,600ml,Limenka,W5,1.79,2.98,4056489953807,Sredstva za èišæenje,1.79
Kikiriki u tijestu,0013257,0.2,200g,Vrecica,Alesto,1.59,7.95,20005702,Hrana,1.59
Kikiriki prženi i slani,0013259,0.25,250g,Vrecica,Alesto,1.59,6.36,20014384,Hrana,1.59
Kalifornijske pistacije,0013266,0.25,250g,Vrecica,Alesto,4.31,17.24,4335619014442,Hrana,4.39
LED Kozmetièko ogledalo,0452798,0.6,1ST,Pakovanje,Cien BEAUTY,7,7,4335753095345,Kozmetika,7
Rašpica za nokte,0452800,0.023,1ST,Pakovanje,Cien BEAUTY,0.5,0.5,4335754041716,Kozmetika,0.5
Set kozmetièkih kistova,0452812,0.057,1ST,Pakovanje,Cien BEAUTY,1,1,4335753096687,Kozmetika,1
Set kozmetièkih kistova,0452812,0.057,1ST,Pakovanje,Cien BEAUTY,1,1,4335753096700,Kozmetika,1
Èetka za kosu,0452819,0.069,1ST,Pakovanje,Cien BEAUTY,1,1,4335753097424,Kozmetika,1
Èetka za kosu,0452819,0.069,1ST,Pakovanje,Cien BEAUTY,1,1,4335753097431,Kozmetika,1
Trimer za dlaèice u nosu-ušima,0452960,0.085,1ST,Pakovanje,Silvercrest Personal Care,1,1,4335754019173,Kozmetika,1
Handcooked chips SK2,6903902,0.125,125g,Vrecica,Snack Day,1.29,10.32,20251635,Hrana,1.29
Aquafresh djeèja pasta za zube SK2,6903927,0.05,50ml,Tuba,,2.59,51.8,5908311862049,Kozmetika,2.59
Eva Tuna salata Kvinoja,6903962,0.16,160g,Limenka,,1.99,12.44,3856020217679,Hrana,1.99
Kraš Runolist èokolada,6903976,0.1,100g,Pakovanje,,1.45,14.5,3850102514830,Hrana,1.45
Podravka Goveði gulaš,6903998,0.4,400g,Limenka,,3.39,8.48,3850104020087,Hrana,3.39
Nestlé NAN 1,6904054,0.8,800g,Limenka,,19.49,24.36,7613036362238,Hrana,19.49
Illy Classic Roast mljevena kava,6904108,0.25,250g,Limenka,,6.99,27.96,8003753192451,Piæe,6.99
The Natural Krema za lice SK1,6904123,0.05,50ml,Pakovanje,,5.19,103.8,0385989350712,Kozmetika,5.19
Omekšivaè 80 pranja SK6,0170888,1.998,2l,PET-Boca,Doussy,2.99,0.04,4056489982999,Sredstva za èišæenje,2.99
Château Thibault AOP Bordeaux blanc,0171112,0.75,"0,75l",Boca,,3.99,5.32,3021891075127,Piæe,3.99
Paprika s punjenjem SK1,0171424,0.3,300g,Staklo,Deluxe,3.54,11.8,4056489570851,Hrana,3.54
Povræe na grèki naèin SK1,0171434,0.68,680g,Staklo,Eridanous ,3.99,5.87,4056489570912,Hrana,3.99
Kolaè u obliku puža s kom. èokolade,0171481,0.5,500g,Vrecica,Duc de Coeur,3.59,7.18,4056489571346,Hrana,3.59
Prašak za puding vanilija,0172428,0.19,190g,Pakovanje,Belbake,0.89,4.68,4056489546870,Hrana,0.89
Italiano Prosecco DOC Spumante,0173145,0.75,"0,75l",Boca,,7.99,10.65,8051566563609,Piæe,7.99
Voæni namaz,0173201,0.4,400g,Staklo,Maribel,2.39,5.98,4056489593133,Hrana,2.39
Mini Pizza Kombi,0173215,0.52,520g,Pakovanje,Italiamo,2.59,4.98,4056489593225,Hrana,2.59
Pribor za oblikovanje kose,0478225,0.047,1ST,Pakovanje,Cien BEAUTY,1.49,1.49,4052916228197,Kozmetika,1.99
Sušilo za kosu,0467482,0.49,1ST,Pakovanje,Silvercrest Personal Care,9.99,9.99,4052916222683,Kozmetika,9.99
"Ardenska kobasica, narezak",7407831,1,ca. 160g,Atmos-Posudica,,16.19,16.19,2894968000000,Hrana,16.19
Aromatizirani maslac SK1,7409654,0.125,125g,Pakovanje,Deluxe,2.13,17.04,4056489986799,Hrana,2.13
Okruglice sa sirom i borovnicama,7502902,0.5,500g,Vrecica,Kuljanka,2.29,4.58,4056489067498,Hrana,2.29
"Džiugas tvrdi sir, cca. 1kg",7604195,1,ca. 1kg,Vakumir. pakov.,,9.89,9.89,2145202000000,Hrana,9.89
Tortelloni/Njoki od krumpira SK7,7701351,0.323,"250g,500g",Pakovanje,Combino,0.95,3.8,20830977,Hrana,1.19
Tortelloni/Njoki od krumpira SK7,7701351,0.323,"250g,500g",Pakovanje,Combino,0.95,3.8,20830984,Hrana,1.19
Tortelloni/Njoki od krumpira SK7,7701351,0.348,"250g,500g",Pakovanje,Combino,0.95,3.8,20830977,Hrana,1.19
Extra džem SK2,6904671,0.86,860g,Staklo,-,2.99,3.48,4056489075103,Hrana,2.99
"Marin. BBQ steak,b.k. s.k.,cca.500g",6904672,1,ca. 500g,Atmos-Pakiranje,Naša mesnica,5.79,5.79,2836095000005,Hrana,6.99
"Marin. BBQ steak,b.k. s.k.,cca.500g",6904672,1,ca. 500g,Atmos-Pakiranje,Naša mesnica,5.79,5.79,2836096000000,Hrana,6.99
Tekuæi jogurt š. voæe,6904723,1,1kg,PET-Boca,Pilos,1.89,1.89,4056489075363,Hrana,1.89
Toaletni papir 3-sloja 16x150 list.,6904746,1.52,16komad,Pakovanje,Floralys,3.25,0.2,4056489074977,Proizvodi za kuæanstvo,3.25
Kompot od šljive (OM 340g),6904756,0.68,720ml,Staklo,Okusi zavièaja,1.29,3.79,4056489316152,Hrana,1.29
Lino Èokolino,6904850,1.4,"1,4kg",Kart. na prekl.,,7.49,5.35,3856020242176,Hrana,7.49
Svježi jadranski brancin,6904859,0.7,700g,Atmos-Pakiranje,Naša ribarnica,6.99,9.99,4056489316268,Hrana,10.69
"Kefir 3,5% XXL",6904860,1.5,"1,5kg",PET-Boca,Pilos,1.89,1.26,4056489316305,Hrana,1.89
Moj Kruh Baguette SK1,6908983,0.26,260g,Vrecica,,0.99,3.81,3859892992682,Hrana,0.99
Moj Kruh Baguette SK1,6908983,0.26,260g,Vrecica,,0.99,3.81,3859892992705,Hrana,0.99
"Jaja, razred M, 10kom.",6908999,0.058,10komad,Pakovanje,,2.29,0.23,3859889055772,Hrana,2.39
"Jaja, razred L, 10kom.",6909000,0.068,10komad,Pakovanje,,2.59,0.26,4056489612490,Hrana,2.59
Proteini.si Oat Cake Creamy Yoghurt,6909023,0.06,60g,Pakovanje,,0.99,16.5,3830084724052,Hrana,0.99
Violeta Omekšivaè Gold 62 pranja,6909039,1.55,"1,55l",Boca,,2.99,1.93,3870128035294,Sredstva za èišæenje,3.49
Pils,6909144,0.5,"0,5l",Limenka,,1.99,3.98,3858895210144,Piæe,1.99
Kraš Slatki mix Uskrs,6909177,0.337,337g,Vrecica,,3.99,11.84,3850102015047,Hrana,3.99
Maasdamer polutvrdi sir cca. 300g,6909194,1,ca. 300g,Pakovanje,,7.69,7.69,2153402000000,Hrana,7.69
Maasdamer polutvrdi sir cca. 300g,6909194,1,ca. 300g,Pakovanje,,7.69,7.69,2153403000000,Hrana,7.69
Svježa jadranska orada,6909203,0.72,720g,Atmos-Pakiranje,Naša ribarnica,7.49,10.4,4056489926603,Hrana,10.99
Bebimil Hrana za dojenèad 3,6909236,0.5,500g,Karton,,8.49,16.98,9007253104920,Hrana,8.49
Ekos Kikiriki torta,6909252,0.78,780g,Pakovanje,,9.99,12.81,3858889619625,Hrana,9.99
Ekos Èokoladna Torta ,6909254,0.7,700g,Pakovanje,,9.99,14.27,3858889619656,Hrana,9.99
HealthyCo Prote Prot.namaz SK3,7004533,0.4,400g,Limenka,,4.69,11.73,7350021423290,Hrana,4.69
Majoneza s tartufima,7007641,0.2,200g,Limenka,Chef Select,1.39,6.95,4056489770756,Hrana,1.79
BO Uskršnja pletenica,7201444,0.5,500g,Plitica,,1.89,3.78,3800210987965,Hrana,1.89
Lak za nokte SK4,5508886,0.009,8ml,Pakovanje,Cien Beauty,1.19,1.19,5901801622666,Kozmetika,1.19
Lak za nokte SK4,5508886,0.009,8ml,Pakovanje,Cien Beauty,1.19,1.19,5901801633914,Kozmetika,1.19
Lak za nokte SK4,5508886,0.009,8ml,Pakovanje,Cien Beauty,1.19,1.19,5901801633938,Kozmetika,1.19
Lak za nokte SK4,5508886,0.009,8ml,Pakovanje,Cien Beauty,1.19,1.19,5901801634072,Kozmetika,1.19
Lak za nokte SK4,5508886,0.009,8ml,Pakovanje,Cien Beauty,1.19,1.19,5901801634102,Kozmetika,1.19
Lak za nokte SK4,5508886,0.009,8ml,Pakovanje,Cien Beauty,1.19,1.19,5901801634119,Kozmetika,1.19
Lak za nokte SK4,5508886,0.009,8ml,Pakovanje,Cien Beauty,1.19,1.19,5901801661757,Kozmetika,1.19
Lak za nokte SK4,5508886,0.009,8ml,Pakovanje,Cien Beauty,1.19,1.19,5901801663737,Kozmetika,1.19
Sv. punj. jastuèiæi kupus i gljive,5508982,0.4,400g,Atmos-Posudica,Kuljanka,1.79,4.48,20149055,Hrana,1.79
Punjena mlijeèna èok. RFA SK2,5510305,0.1,100g,Tabla,Fin Carré,1.09,10.9,20902469,Hrana,1.19
Voæni jogurt s mueslima SK5,5510756,0.215,215g,Posudica,Pilos,1.49,6.93,4056489180975,Hrana,1.49
Lak za nokte Neon Splash SK4,5511556,0.008,8ml,Pakovanje,Cien Beauty,1.19,148.75,5901801662228,Kozmetika,1.19
Lak za nokte Neon Splash SK4,5511556,0.008,8ml,Pakovanje,Cien Beauty,1.19,148.75,5901801662242,Kozmetika,1.19
Lak za nokte Neon Splash SK4,5511556,0.008,8ml,Pakovanje,Cien Beauty,1.19,148.75,5901801662259,Kozmetika,1.19
Sok od jabuke,5512331,1,1l,PET-Boca,Solevita,1.29,1.29,4056489585817,Piæe,1.29
Kozmetièki pribor Emily in Paris,0471092,0.029,1ST,Pakovanje,,1,1,4335754012143,Kozmetika,1
VitalMaxx El. odstranji. rožn. kože,0470314,0.25,1ST,Pakovanje,,5,5,4049618124780,Kozmetika,5
Aranžmani SK1,6908580,1.05,1komad,Pakovanje,,12.99,12.99,3858889011931,Proizvodi za kuæanstvo,12.99
Aranžmani SK3,6908586,1.25,1komad,Pakovanje,,24.99,24.99,3858892741337,Proizvodi za kuæanstvo,24.99
Aranžmani SK4,6908589,1.28,1komad,Pakovanje,,27.99,27.99,3858889010163,Proizvodi za kuæanstvo,27.99
Cedevita Vitaminska voda Limeta-Lim,6908595,0.5,"0,5l",PET-Boca,,1.05,2.1,3850322016848,Piæe,1.05
Boom Box Zobeni keksi banana kakao,6908620,0.05,50g,Pakovanje,,0.89,17.8,3856027801475,Hrana,0.89
Boom Box Zobeni keksi šumsko voæe,6908621,0.05,50g,Pakovanje,,0.89,17.8,3856027801451,Hrana,0.89
Boom Box Zobeni keksi borovnica van,6908622,0.05,50g,Pakovanje,,0.89,17.8,3858890479409,Hrana,0.89
Johnnie Walker Bl. L. Wh. + 2 èaše,6908626,0.7,"0,7l",Boca,,22.99,32.84,5000267195117,Piæe,22.99
Ekos Maxi Kinder kolaè,6908635,0.36,360g,Pakovanje,,4.99,13.86,3858889619281,Hrana,4.99
Ekos Mini kremšnite,6908636,0.27,270g,Pakovanje,,2.89,10.7,3858889619243,Hrana,2.89
L'Angelica Gel za tuširanje SK3,6908759,0.5,500ml,PET-Boca,,2.99,5.98,8017331077061,Kozmetika,3.19
Lumen Lampion 6x130g 16h,6908769,0.48,6x130g,Pakovanje,,4.49,0.75,3870634021798,Proizvodi za kuæanstvo,4.49
Vegeta Univerzalan zaèin,6908772,0.7,700g,Vrecica,,5.39,7.7,3850104254932,Hrana,5.39
Elmex Extra Soft èetkice za zube,6908787,0.036,3komad,Pakovanje,,10.49,3.5,8718951188075,Kozmetika,10.49
Palmolive Gel za tuš. s pump. SK1,6908808,0.78,750ml,PET-Boca,,4.49,5.99,8714789526478,Kozmetika,4.49
Palmolive Gel za tuš. s pump. SK1,6908808,0.78,750ml,PET-Boca,,4.49,5.99,8714789526508,Kozmetika,4.49
Rama Margarin SK1,6908911,0.4,400g,Posudica,,1.99,4.98,8719200265127,Hrana,1.99
Punjena tjestenina SK13,0217584,0.25,250g,Pakovanje,Deluxe,2.29,9.16,4056489291282,Hrana,2.29
Kotanyi zaèini SK71,0217856,0.038,"33g,35g,36g,48g",Staklo,,2.49,75.45,9001414041116,Hrana,2.49
Kotanyi zaèini SK71,0217856,0.038,"33g,35g,36g,48g",Staklo,,2.49,69.17,9001414041116,Hrana,2.49
Pjena za èišæenje lica SK1,0217980,0.209,200ml,Dozator,Cien,2.99,14.95,4335619113589,Kozmetika,2.99
Juha s rezancima SK1,0218132,0.205,"250g,182g",Posudica,Vitasia,1.59,6.36,4335619113824,Hrana,1.36
Juha s rezancima SK1,0218132,0.205,"250g,182g",Posudica,Vitasia,1.59,6.36,4335619113831,Hrana,1.36
Micelarna vodica za lice SK1,0218208,0.404,400ml,PET-Boca,Cien,2.65,6.63,4056489817642,Kozmetika,2.65
Jogurt - Müsli SK1,0218679,0.25,250g,Posudica,Chef Select,2.49,9.96,4335619126480,Hrana,2.49
Veganska proteinska kaša SK1,0219168,0.06,60g,Vrecica,Crownfield,1.19,19.83,4335619127630,Hrana,1.19
Proteinski sladoledni kup SK2,0219400,0.29,500ml,Posudica,Gelatelli,2.91,5.82,4335619128866,Hrana,Nije_bilo_u_prodaji_02.05.2025
Piramida kozjeg krem ??sira SK2,0219555,0.15,150g,Pakovanje,Deluxe,1.99,13.27,4335619129511,Hrana,1.99
Tortelloni XXL SK8,0219620,0.5,500g,Vrecica,Chef Select,2.35,4.7,20488451,Hrana,2.35
Miris za perilicu posuða 3x4ml SK2,0219681,0.012,3x4ml,Pakovanje,W5,1.39,115.83,4335619129894,Sredstva za èišæenje,1.39
Èokoladni posip SK4,0220047,0.4,400g,Kart. na prekl.,Belbake,2.75,6.88,4056489582533,Hrana,2.75
Èokoladni posip SK4,0220047,0.4,400g,Kart. na prekl.,Belbake,2.75,6.88,4056489582540,Hrana,2.75
"Hrana za pse, govedina",0220155,1.25,1250g,Limenka,Bellosan,1.59,1.27,20124021,Proizvodi za kuæanstvo,1.59
"Hrana za pse, govedina",0220155,1.25,1250g,Limenka,Bellosan,1.59,1.27,4335619134799,Proizvodi za kuæanstvo,1.59
Indijski umak za kuhanje,0220200,0.375,375g,Vrecica,Vitasia,2.99,7.97,4335619134966,Hrana,2.63
Sirevi - specij. zemalja CH/FR SK2,0220701,1,"ca. 180g,ca. 220g,ca. 250g",Pakovanje,Meine Käserei,29.99,29.99,2845850000000,Hrana,29.99
Španjolski zaèini SK1,0220802,0.062,"55g,75g",Limenka,Sol&Mar,2.19,39.82,4335619136953,Hrana,2.19
Lak za nokte Spring Sky,0221313,0.011,11ml,Boca,Cien Beauty,1.09,1.09,4335619149137,Kozmetika,1.09
Bitterol Sprizz 5% Vol.,0221329,0.984,"4x0,25l",Limenka,Bitterol,3.99,3.99,4335619149267,Piæe,3.99
Cherry Blossom Gin 40% Vol.,0221332,0.471,"0,7l",Boca,Vitasia,7.99,11.41,4304493270381,Piæe,7.99
Èips SK35,0221606,0.2,200g,Vrecica,MCENNEDY,1.99,9.95,4056489414926,Hrana,1.99
Ginato Clem. Or&Neb Grape Ita.Gin,0221691,0.57,"0,7l",Boca,,13.99,19.99,5060434132093,Piæe,13.99
Hrenovke u kukuruznom tijestu,0222103,0.49,490g,Kart. na prekl.,Vitasia,7.49,15.29,4056489989257,Hrana,6.61
Kotanyi slatki zaèini SK72,0222573,0.065,"63g,65g,70g",Staklo,,2.49,38.31,9001414303412,Hrana,2.49
Kotanyi slatki zaèini SK72,0222573,0.065,"63g,65g,70g",Staklo,,2.49,35.57,9001414303412,Hrana,2.49
Mediteranska predjela SK2,0224178,0.403,"410g,390g",Plitica,Italiamo,4.59,11.2,20337544,Hrana,4.59
Gin&Tonic 5%,0224496,0.27,"0,25l",Limenka,Castelgy,0.99,3.96,4304493270701,Piæe,0.99
Pasta Snack Pot ,0224611,0.069,69g,Posudica,Kania,1.79,25.94,4335619174504,Hrana,1.79
Salata od tune SK11,0224802,0.22,220g,Limenka,Nixe,2.27,10.32,4335619175280,Hrana,2.27
Sladoled vanilija-višnja,0225435,0.46,1l,Box,Ballino,2.59,2.59,4335619185562,Hrana,2.59
Tart SK1,0226412,0.253,"250g,255g",Kart. na prekl.,Deluxe,2.89,11.56,4335619197725,Hrana,2.89
Milch-Schnitte borovnica 10kom.,0226737,0.28,280g,Pakovanje,,4.69,16.75,8000500441480,Hrana,4.69
BO Klipiæ pistacija,0227994,0.11,110g,Rasuto,-,1.52,13.82,4335619215764,Hrana,Nije_bilo_u_prodaji_02.05.2025
GGN/MSC Sushi SK20,0228627,0.178,"168g,178,5g,185g",Pakovanje,select & go,3.79,21.23,4335619221642,Hrana,3.79
Èokolada za kuhanje SK7,0229461,0.2,200g,Pakovanje,Belbake,3.29,16.45,20158774,Hrana,3.29
Èokolada za kuhanje SK7,0229461,0.2,200g,Pakovanje,Belbake,3.29,16.45,20158781,Hrana,3.29
Kozmetièko ogledalo,0466503,0.307,1ST,Pakovanje,Cien BEAUTY,3,3,4052916219034,Kozmetika,4.99
Set za manikuru-pedikuru,0472258,0.1,1ST,Pakovanje,Silvercrest Personal Care,14.99,14.99,4052916436929,Kozmetika,14.99
Pribor za manikuru-pedikuru,0472265,0.04,1ST,Pakovanje,Cien BEAUTY,1.99,1.99,4052916451496,Kozmetika,1.99
Set kozmetièkih kistova u torbici,0472271,0.174,1ST,Pakovanje,Cien BEAUTY,6.99,6.99,4052916441091,Kozmetika,6.99
Set kozmetièkih kistova u torbici,0472271,0.174,1ST,Pakovanje,Cien BEAUTY,6.99,6.99,4052916441107,Kozmetika,6.99
Pribor za kozmetiku i manikuru,0472274,0.033,1ST,Pakovanje,Cien BEAUTY,1.99,1.99,4052916443927,Kozmetika,1.99
Pribor za kozmetiku i manikuru,0472274,0.033,1ST,Pakovanje,Cien BEAUTY,1.99,1.99,4052916443972,Kozmetika,1.99
Èetka za kosu,0472287,0.08,1ST,Pakovanje,Cien BEAUTY,2.49,2.49,4052916444269,Kozmetika,2.49
Èetka za kosu,0466861,0.078,1ST,Pakovanje,Cien BEAUTY,2.49,2.49,4052916219133,Kozmetika,2.49
Set za manikuru- pedikuru,0476915,0.146,1ST,Pakovanje,Silvercrest Personal Care,7,7,4052916119815,Kozmetika,7
Ureðaj za uklanjanje dlaèica,0476996,0.142,1ST,Pakovanje,Silvercrest Personal Care,7.99,7.99,4052916444528,Kozmetika,7.99
Mini ploèice SK2,6200040,0.2,200g,Vrecica,Eridanous,2.79,13.95,20128043,Hrana,2.79
Žele kocke SK2,6200062,0.4,400g,Kart. na prekl.,Eridanous,1.89,4.73,20110994,Hrana,1.89
Motana pita sa špin. i feta sirom,6200134,1,1000g,Pakovanje,Eridanous,4.29,4.29,20095260,Hrana,3.99
Hrskavi štapiæi SK2,6200286,0.175,175g,Vrecica,Eridanous,1.19,6.8,20116927,Hrana,1.19
Hrskavi štapiæi SK2,6200286,0.175,175g,Vrecica,Eridanous,1.19,6.8,4056489381549,Hrana,1.19
Grèki trajni kolaèiæi u sirupu SK1,6200336,0.4,400g,Plitica,Eridanous,4.39,10.98,20244705,Hrana,3.85
Punjene zelene masline SK2,6200453,0.35,370ml,Staklo,Eridanous,1.99,9.95,20293710,Hrana,1.99
Svježi namaz patlidž./paprika SK1,6200602,0.25,250g,Atmos-Pakiranje,Eridanous,1.49,5.96,20256470,Hrana,1.49
Kremasti grèki jogurt SK1,6202953,1,1kg,Kanta,Eridanous,3.19,3.19,4056489056201,Hrana,3.19
Tzatziki orig. grèki sa 15% èeš.,6204181,0.25,250g,Atmos-Pakiranje,Eridanous,1.49,5.96,20991883,Hrana,1.49
Štapiæi od kruha SK8,6204482,0.24,240g,Vrecica,Eridanous,1.54,6.42,4056489264774,Hrana,Nije_bilo_u_prodaji_02.05.2025
Manouri sir,6206564,0.2,200g,Vakumir. pakov.,Eridanous,2.89,14.45,4056489125945,Hrana,2.12
Head&Shoulders Šampon,0004845,0.31,300ml,PET-Boca,,3.99,13.3,5011321722644,Kozmetika,3.99
Head&Shoulders Šampon,0004845,0.31,300ml,PET-Boca,,3.99,13.3,5410076659456,Kozmetika,3.99
Head&Shoulders Šampon,0004845,0.31,300ml,PET-Boca,,3.99,13.3,8006540063569,Kozmetika,3.99
"BO Lovaèki kruh SUS, 400g",0004863,0.4,400g,Rasuto,,1.05,2.63,4052917312376,Hrana,1.05
"Dalmatinska peèenica, narezak",0004870,0.1,100g,Vakumir. pakov.,Okusi zavièaja,2.29,22.9,20539252,Hrana,2.29
Knorr Umaci SK1,0004901,0.336,750ml,Kart. na prekl.,,1.49,0.75,4038700117007,Hrana,1.49
Knorr Umaci SK1,0004901,0.336,750ml,Kart. na prekl.,,1.49,0.5,4038700117021,Hrana,1.49
"Zelene mahune, duboko smrznute",0004908,1,1kg,Vrecica,Freshona,2.35,2.35,20268053,Hrana,2.35
Coca Cola 2x2l,0004915,4.16,2x2l,PET-Boca,Coca-Cola,3.99,1,5449000107350,Piæe,3.99
Potpuna hrana za pse SK21,0025323,1.24,1240g,Limenka,Orlando,1.89,1.52,20314262,Proizvodi za kuæanstvo,1.89
Potpuna hrana za pse SK21,0025323,1.24,1240g,Limenka,Orlando,1.89,1.52,4056489142348,Proizvodi za kuæanstvo,1.89
Kremasti sapun SK4,0025359,0.15,150g,Pakovanje,Cien,0.79,5.27,4056489997634,Kozmetika,0.79
Mozzarella za pizzu,0025490,0.4,400g,Pakovanje,Italiamo,3.19,7.98,20098179,Hrana,3.19
Krema za njegu lica SK8,0051058,0.052,50ml,Tuba,Cien,1.75,35,20277246,Kozmetika,1.75
Snack s okusom luka,0051135,0.1,100g,Vrecica,Snack Day,0.89,8.9,20279981,Hrana,0.89
Salama SK1,5605965,0.12,120g,Atmos-Pakiranje,French Style,2.29,19.08,,Hrana,2.29
Paprika babura,0082645,1,1kg,Rasuto,,2.49,2.49,,Hrana,3.99
Komoraè,0082690,1,1kg,Rasuto,,1.99,1.99,,Hrana,1.99
Remington Sušilo za kosu,0435622,0.775,1ST,Pakovanje,,10,10,,Kozmetika,10
Jabuka crvena Idared,0080220,1,1kg,Rasuto,,1.49,1.49,,Hrana,1.49
"Mimosa 4,5%",0209959,0.2,"0,200l",Limenka,Allini,0.8,0.04,,Piæe,Nije_bilo_u_prodaji_02.05.2025
Mješavina za tart SK3,0226509,0.524,"490g,535g",Kart. na prekl.,Duc de Coeur,2.29,4.28,,Hrana,2.29
"Jaja iz podnog uzgoja, razred M",6907530,0.57,10komad,Pakovanje,,1.45,0.15,,Hrana,1.45
Banana,0080000,1,1kg,Rasuto,,1.29,1.29,,Hrana,1.59
Grožðe crveno bez koštica,0080480,1,1kg,Rasuto,,3.99,3.99,,Hrana,3.99
Naranèa,0080135,1,1kg,Rasuto,,1.49,1.49,,Hrana,1.49
Grejp,0080040,1,1kg,Rasuto,,1.69,1.69,,Hrana,1.69
Rajèica grapolo,0082466,1,1kg,Rasuto,,1.39,1.39,,Hrana,2.49
Kelj,0082960,1,1kg,Rasuto,,1.49,1.49,,Hrana,1.49
Paprika rog crvena,0082630,1,1kg,Rasuto,,2.49,2.49,,Hrana,3.99
Rajèica grappolo,0082465,1,1kg,Rasuto,,1.39,1.39,,Hrana,2.49
Blitva,0082101,0.5,500g,Pakovanje,,1.49,1.49,,Hrana,1.59
Mortadella SK1,6902988,0.15,150g,Atmos-Pakiranje,Pikok,1.79,11.93,,Hrana,1.79
Luk ljubièasti rinfuza,0083345,1,1kg,Rasuto,,1.29,1.29,,Hrana,1.19
Rotkvica svežanj,0082275,0.209,1komad,Svezanj,,0.69,0.69,,Hrana,0.69
Mineralna voda negazirana,0000004,1.5,"1,5l",PET-Boca,Saguaro,0.4,0.27,4304493256583,Piæe,0.45
Mineralna voda gazirana,0000007,1.5,"1,5l",PET-Boca,Saguaro,0.4,0.27,80007852,Piæe,0.45
Always Ultra higijenski ulošci BA,0000017,0.058,"9 komada, 10 komada, 14 komada",Pakovanje,,1.66,0.18,4015400931225,Proizvodi za kuæanstvo,1.66
"Ledeni èaj limun sa šeæerom 1,5l",0000026,1.5,"1,5l",PET-Boca,Freeway,1.05,0.7,4056489966609,Piæe,1.05
Lenor Omekšivaè 60 pranja Spring A.,0000085,1.8,"1,8l",PET-Boca,,5.57,3.09,8001841375489,Sredstva za èišæenje,5.57
Lenor Omekšivaè F. Wind 60 pranja,0000086,0.84,840ml,PET-Boca,,6.85,8.15,8006540241233,Sredstva za èišæenje,6.85
Lenor Omekšivaè G. Orchid 48 pranja,0000087,1.42,"1,42l",PET-Boca,,5.57,0.12,8001841375885,Sredstva za èišæenje,5.57
Lenor Omekšivaè Fresh Wind 55 pr.,0000121,0.767,770ml,PET-Boca,,6.85,8.9,8006540863138,Sredstva za èišæenje,6.85
Persil Tek. deter. Color 44 pranja,0000140,2.05,"1,98l",PET-Boca,Henkel,15.29,0.35,9000101568363,Sredstva za èišæenje,15.29
Milka Oreo kuglice,0000326,0.112,112g,Pakovanje,,2.92,26.07,7622210750600,Hrana,2.92
Gillette Fusion Sport brijaè+zam.b.,0000369,0.039,1komad,Pakovanje,,15.99,15.99,8700216075039,Kozmetika,15.99
Felix Fantastic Hrana za maèke,0000378,9.18,18x85g,Pakovanje,,8.99,5.88,8445290501523,Proizvodi za kuæanstvo,8.99
Old Spice Gel za tuširanje Wolftho.,0000437,0.711,675ml,PET-Boca,,4.39,6.5,8700216230988,Kozmetika,4.39
Old Spice Deo Stick Captain,0000440,0.099,85ml,PET-Boca,,4.39,51.65,8700216879866,Kozmetika,4.39
Lay’s èips Classic Piquant Paprika,0000446,0.2,200g,Vrecica,,2.29,11.45,8606017377535,Hrana,2.79
Jar Deterdzent za pranje posuða L.,0000475,2.752,"2x1,35l",Pakovanje,,6.49,6.49,8006540463598,Sredstva za èišæenje,6.49
Purina one hrana za pse govedina,0000484,0.34,4x85g,Pakovanje,,2.79,8.21,8445290299260,Proizvodi za kuæanstvo,2.79
Sladoled u keksu,0001211,0.536,8x120ml,Kart. na prekl.,Gelatelli,3.99,4.16,20192303,Hrana,3.89
Sladoled jagoda-vrhnje,0001214,0.46,1l,Box,Ballino,2.59,2.59,20218218,Hrana,2.59
"Papalina, cijela, smrz.",0001230,1,1kg,Vrecica,Ocean Sea,3.49,3.49,20257354,Hrana,3.49
Sanitar Sredstvo za èišæenje SK1,0001311,0.75,750ml,Boca,,2.09,2.79,3850111502736,Sredstva za èišæenje,2.09
Svinjski odresci od buta,0001385,0.6,600g,Atmos-Pakiranje,Naša mesnica,3.59,5.98,3858883380354,Hrana,4.19
"Lino Lješnjak èokolino, 500g",0001449,0.5,500g,Vrecica,,4.89,9.78,3850104227530,Hrana,4.99
Kiseli krastavci,0001480,0.33,720ml,Staklo,Okusi zavièaja,1.65,5,20273354,Hrana,1.65
Kompot od višnje b/k (OM 340g),0001481,0.34,720ml,Staklo,Okusi zavièaja,1.85,5.44,20250508,Hrana,1.85
Carefree Dnevni ulošci sort. SK2,0001496,0.124,56komad,Kart. na prekl.,Johnson & Johnson,3.35,0.06,3574660322675,Proizvodi za kuæanstvo,3.35
Rolana lopatica s kožom,0001545,1,"cca.1,3kg",Vakumir. pakov.,Pikok,4.95,4.95,2815450000000,Hrana,4.95
Kiselo vrhnje 20% m.m.,0001557,0.18,180g,Posudica,Pilos,0.75,4.17,20447694,Hrana,0.69
Kiselo vrhnje 20% m.m.,0001557,0.18,180g,Posudica,Pilos,0.75,4.17,3859888148994,Hrana,0.69
Kiselo vrhnje 12% m.m.,0001558,0.18,180g,Posudica,Pilos,0.69,3.83,3859888148987,Hrana,0.65
"Tekuæi jogurt 2,8% m.m.",0001561,1,1kg,PET-Boca,Pilos,1.89,1.89,4304493259638,Hrana,1.89
"Dukat tekuæi jogurt 2,8%, 1kg",0001669,1,1kg,PET-Boca,,2.32,2.32,3850354016649,Hrana,2.32
Èajna kobasica narezak,0001726,0.1,100g,Atmos-Pakiranje,Pikok,1.59,15.9,40894805,Hrana,1.59
"Osjeèka/Dalmatinska kob. SK1, SK2",0001727,0.1,100g,Atmos-Pakiranje,Okusi zavièaja,1.29,12.9,20491956,Hrana,2.19
Kuhana šunka narezak,0001731,0.2,200g,Atmos-Pakiranje,Pikok,1.79,8.95,20493271,Hrana,1.79
"Voæni jogurt 1,8%, SK45, SK46",0001798,0.25,250g,Posudica,Milbona,0.79,3.16,20039387,Hrana,0.79
"Voæni jogurt 1,8%, SK45, SK46",0001798,0.25,250g,Posudica,Milbona,0.79,3.16,20332891,Hrana,0.79
Pripr. od svj. sira s voæem SK4,0001817,0.125,125g,Posudica,Milbona,0.55,4.4,20155599,Hrana,0.55
Lisnato tijesto,0001856,0.275,275g,Pakovanje,Chef Select & You,1.19,4.33,20139124,Hrana,1.19
Namaz od vrhnja SK21,0001889,0.2,200g,Plitica,Milbona,1.59,7.95,20109929,Hrana,1.55
Svježa pileæa krila,0001915,1,ca. 500g,Atmos-Pakiranje,Naša mesnica,2.99,2.99,2852000000000,Hrana,4.19
Svježa pileæa krila,0001915,1,ca. 500g,Atmos-Pakiranje,Naša mesnica,2.99,2.99,2852002000000,Hrana,4.19
Svježa pileæa krila,0001915,1,ca. 500g,Atmos-Pakiranje,Naša mesnica,2.99,2.99,2852004000000,Hrana,4.19
"Rolana lopatica bez kože cca. 1,3kg",0001994,1,"ca. 1,3kg",Vakumir. pakov.,Pikok,5.75,5.75,2123866000000,Hrana,5.75
"Rolana lopatica bez kože cca. 1,3kg",0001994,1,"ca. 1,3kg",Vakumir. pakov.,Pikok,5.75,5.75,2847716000000,Hrana,5.75
"Rolana lopatica bez kože cca. 1,3kg",0001994,1,"ca. 1,3kg",Vakumir. pakov.,Pikok,5.75,5.75,2847719000000,Hrana,5.75
Crvena slatka zaèinska paprika,0002084,0.25,250g,Vrecica,Kania,3.99,15.96,4056489271994,Hrana,3.99
Fritt Voæne karamele SK18 ,0002167,0.07,70g,Pakovanje,,0.99,14.14,4000607533204,Hrana,0.99
Fritt Voæne karamele SK18 ,0002167,0.07,70g,Pakovanje,,0.99,14.14,5901783034235,Hrana,0.99
Fritt Voæne karamele SK18 ,0002167,0.07,70g,Pakovanje,,0.99,14.14,5901783034259,Hrana,0.99
Nescafé Cappuccino sort.,0002183,0.135,"112g,148g",Kart. na prekl.,Nestlé,4.19,37.41,5011546477596,Piæe,4.19
Nescafé Cappuccino sort.,0002183,0.135,"112g,148g",Kart. na prekl.,Nestlé,4.19,30.81,5011546477596,Piæe,4.19
Nescafé Cappuccino sort.,0002183,0.135,"112g,148g",Kart. na prekl.,Nestlé,4.19,28.31,5011546477633,Piæe,4.19
Nescafé Cappuccino sort.,0002183,0.135,"112g,148g",Kart. na prekl.,Nestlé,4.19,37.41,5011546477640,Piæe,4.19
Nescafé Cappuccino sort.,0002183,0.135,"112g,148g",Kart. na prekl.,Nestlé,4.19,28.31,7613034641366,Piæe,4.19
Nescafé Cappuccino sort.,0002183,0.135,"112g,148g",Kart. na prekl.,Nestlé,4.19,37.41,7613035440081,Piæe,4.19
Nescafé Cappuccino sort.,0002183,0.135,"112g,148g",Kart. na prekl.,Nestlé,4.19,28.31,7613035440081,Piæe,4.19
Nescafé Cappuccino sort.,0002183,0.135,"112g,148g",Kart. na prekl.,Nestlé,4.19,37.41,7613036701990,Piæe,4.19
Nescafé Cappuccino sort.,0002183,0.135,"112g,148g",Kart. na prekl.,Nestlé,4.19,28.31,7613036701990,Piæe,4.19
"Brašno TIP 400 oštro, 1kg",0002224,1,1kg,Pakovanje,Belbake,0.75,0.75,4056489316077,Hrana,0.75
Okruglice za juhu,0002235,0.2,200g,Vrecica,Kania,0.89,4.45,4056489604501,Hrana,0.89
"Badem jezgra u rinfuzi, cca. 1kg",0002321,1,ca. 1kg,Rasuto,,6.79,6.79,9671120220015,Hrana,6.79
"Orah jezgra u rinfuzi, cca. 1kg",0002322,1,cca. 1kg,Rasuto,,5.49,5.49,3872084002075,Hrana,5.49
"Džem od borovnice, 450g",0002336,0.45,450g,Staklo,Maribel,2.99,6.64,20000660,Hrana,2.99
"Gavriloviæ Jetrena pašteta, 100g",0002437,0.1,100g,Limenka,,1.49,14.9,3858881221543,Hrana,1.49
Dvostruki koncentrat od rajèice,0002492,0.2,200g,Tuba,Baresa,0.99,4.95,20004125,Hrana,0.99
Sterilizirani grah borlotti,0002496,0.4,425ml,Limenka,Freshona,0.59,2.46,4056489468448,Hrana,0.59
"Crvena paprika fileti, OM 300g",0002503,0.68,720ml,Staklo,Freshona,1.57,5.23,5997120753716,Hrana,2.49
"Fanta Orange, 2l",0002667,2.07,2l,PET-Boca,Coca-Cola,2.28,1.14,5449000006011,Piæe,2.28
Kraš Napolitanke s èok. punj. 840g,0002760,0.84,840g,Vrecica,,4.99,5.94,3850102322831,Hrana,4.99
Kraš Napolitanke s èok. punj. 840g,0002760,0.84,840g,Vrecica,,4.99,5.94,3850102326150,Hrana,4.99
Kraš Napolitanke s èok. punj. 840g,0002760,0.84,840g,Vrecica,,4.99,5.94,3850102326198,Hrana,4.99
Airwaves žvakaæe gume SK2,0002906,0.014,14g,Pakovanje,Mars,0.99,0.99,42070047,Hrana,0.99
Orbit žvakaæe gume sort. I,0002907,0.014,14g,Pakovanje,Mars,0.99,0.99,42070429,Hrana,0.99
Orbit žvakaæe gume sort. I,0002907,0.014,14g,Pakovanje,Mars,0.99,0.99,42123880,Hrana,0.99
Milka Èokolada sort.,0002911,0.281,"270g, 276g, 300g",Pakovanje,,5.99,19.97,7622200004607,Hrana,5.99
Milka Èokolada sort.,0002911,0.281,"270g, 276g, 300g",Pakovanje,,5.99,19.97,7622201022679,Hrana,5.99
Milka Èokolada sort.,0002911,0.281,"270g, 276g, 300g",Pakovanje,,5.99,21.7,7622210273178,Hrana,5.99
Milka Èokolada sort.,0002911,0.281,"270g, 276g, 300g",Pakovanje,,5.99,19.97,7622210273178,Hrana,5.99
Milka Èokolada sort.,0002911,0.281,"270g, 276g, 300g",Pakovanje,,5.99,22.19,7622210273369,Hrana,5.99
Milka Èokolada sort.,0002911,0.281,"270g, 276g, 300g",Pakovanje,,5.99,21.7,7622210417534,Hrana,5.99
Milka Èokolada sort.,0002911,0.281,"270g, 276g, 300g",Pakovanje,,5.99,19.97,7622210702555,Hrana,5.99
Milka Èokolada sort.,0002911,0.281,"270g, 276g, 300g",Pakovanje,,5.99,22.19,7622210702593,Hrana,5.99
Milka Èokolada sort.,0002911,0.281,"270g, 276g, 300g",Pakovanje,,5.99,19.97,7622210702593,Hrana,5.99
Milka Èokolada sort.,0002911,0.281,"270g, 276g, 300g",Pakovanje,,5.99,22.19,7622400904608,Hrana,5.99
Milka Èokolada sort.,0002911,0.281,"270g, 276g, 300g",Pakovanje,,5.99,21.7,9012200001245,Hrana,5.99
"Medenjaci s èoko. preljevom, 200g",0002936,0.2,200g,Pakovanje,Tastino,1.35,6.75,20057428,Hrana,1.35
"Jumbo biskvit, SK5, SK8",0002942,0.6,600g,Pakovanje,Confiserie Firenze,2.99,4.98,20139810,Hrana,2.99
"Biskvit rolada SK3, 300g",0002945,0.3,300g,Pakovanje,Tastino,1.59,5.3,5310115000235,Hrana,1.59
Bordeaux AOP trocken,0002994,0.75,"0,75l",Boca,-,3.49,4.65,4056489249177,Piæe,3.49
Kompletna hrana za maèke SK19,0003002,0.1,100g,Plitica,Coshida,0.45,4.5,20106768,Proizvodi za kuæanstvo,0.45
"Whiskas Izab. obroci, 4x100g SK1",0003004,0.4,4x100g,Pakovanje,Mars,2.37,5.93,5900951254499,Proizvodi za kuæanstvo,2.37
"Cedevita Instant nap. naranèa, 1kg",0003013,1,1000g,Vrecica,,6.39,6.39,3850322010204,Piæe,6.39
Šampon za svakodne. pranje kose SK6,0003034,0.515,500ml,PET-Boca,Cien,0.95,1.9,20153755,Kozmetika,1.39
Šampon za svakodne. pranje kose SK6,0003034,0.515,500ml,PET-Boca,Cien,0.95,1.9,20208844,Kozmetika,1.39
Šampon za svakodne. pranje kose SK6,0003034,0.515,500ml,PET-Boca,Cien,0.95,1.9,20208868,Kozmetika,1.39
Pro Vitamin šam. za njegu kose SK13,0003035,0.31,300ml,PET-Boca,Cien,1.29,4.3,20250904,Kozmetika,1.29
Pjena za kosu SK8,0003050,0.22,250ml,Limenka,Cien,1.33,5.32,20081508,Kozmetika,1.59
Lak za kosu SK13,0003054,0.31,400ml,Limenka,Cien,1.98,4.95,20398637,Kozmetika,2.39
Krema za njegu kože SK1,0003083,0.249,250ml,Kozm.posudica,Cien,1.55,6.2,4056489234692,Kozmetika,1.55
"Cedevita Instant nap., SK5, 200g",0003086,0.2,200g,Posudica,,2.09,10.45,3850322003541,Piæe,2.09
"Cedevita Instant nap., SK5, 200g",0003086,0.2,200g,Posudica,,2.09,10.45,3850322010396,Piæe,2.09
Q10 krema za lice protiv bora SK7 ,0003089,0.051,50ml,Kart. na prekl.,Cien,2.89,57.8,20283148,Kozmetika,2.89
Losion poslije brijanja SK15,0003114,0.094,100ml,Kart. na prekl.,Cien MEN,2.39,23.9,4056489238461,Kozmetika,2.39
Èetkice za zube classic SK6,0003116,0.034,2komad,Pakovanje,Dentalux,0.77,0.39,4056489411673,Kozmetika,0.85
Pasta za zube SK6,0003120,0.152,125ml,Tuba,Dentalux,1.05,8.4,20048549,Kozmetika,1.05
"Tekuæina za ispiranje usta, SK15",0003125,0.508,500ml,PET-Boca,Dentalux,1.45,2.9,20006921,Kozmetika,1.45
"Tekuæina za ispiranje usta, SK15",0003125,0.508,500ml,PET-Boca,Dentalux,1.45,2.9,20106218,Kozmetika,1.45
"Tekuæina za ispiranje usta, SK15",0003125,0.508,500ml,PET-Boca,Dentalux,1.45,2.9,20199449,Kozmetika,1.45
"Tekuæina za ispiranje usta, SK15",0003125,0.508,500ml,PET-Boca,Dentalux,1.45,2.9,20258047,Kozmetika,1.45
Tekuæe sred. za osvjež. WC-a SK23,0003185,0.165,3x55ml,Pakovanje,W5,1.45,8.79,20054717,Sredstva za èišæenje,1.45
Djeèje vlažne maramice,0003242,0.385,80komad,Pakovanje,Lupilu,1.09,0.01,3859890063131,Proizvodi za kuæanstvo,1.09
Tamponi SK3,0003257,0.054,24komad,Kart. na prekl.,Siempre,1.55,0.06,20110703,Proizvodi za kuæanstvo,1.55
Kondomi od prirodnog lateksa SK1,0003281,0.013,12komad,Pakovanje,Mondos,1.89,0.16,4056489774143,Proizvodi za kuæanstvo,1.89
Kondomi od prirodnog lateksa SK1,0003281,0.013,12komad,Pakovanje,Mondos,1.89,0.16,4056489774181,Proizvodi za kuæanstvo,1.89
Nola elektronski upaljaè,0003316,0.049,3komad,Blister,,1.09,0.36,4004753906097,Proizvodi za kuæanstvo,1.09
"Alkalna baterija 1,5V AA",0003332,0.19,8komad,Pakovanje,Aerocell,1.99,0.25,4056489847694,Proizvodi za kuæanstvo,1.99
Kremliker sa Whiskyem 17% vol.,0003491,0.743,"0,7l",Boca,Queen Margot,6.59,9.41,4304493262331,Piæe,6.59
Melem Krema za osjetljivu kožu,0003527,0.06,35ml,Pakovanje,,5.79,5.79,3856007901409,Kozmetika,5.79
"Vegeta Univerzalni zaèin, 1kg",0003569,1,1kg,Vrecica,,5.99,5.99,3850104047046,Hrana,5.99
"BO Kukuruzna ciabatta, 300g",0003646,0.3,300g,Rasuto,,0.93,3.1,3859890771562,Hrana,0.93
Palette Int. Color Creme boja SK4,0003664,0.11,1komad,Kart. na prekl.,Henkel,4.25,4.25,3838824159454,Kozmetika,5.25
Palette Int. Color Creme boja SK4,0003664,0.11,1komad,Kart. na prekl.,Henkel,4.25,4.25,3838824159997,Kozmetika,5.25
Palette Int. Color Creme boja SK4,0003664,0.11,1komad,Kart. na prekl.,Henkel,4.25,4.25,3838824349299,Kozmetika,5.25
"Axe Bodyspray sort., 150ml ",0003696,0.097,150ml,Limenka,,4.55,30.33,8712561120029,Kozmetika,4.55
"Axe Bodyspray sort., 150ml ",0003696,0.097,150ml,Limenka,,4.55,30.33,8712561614122,Kozmetika,4.55
Kukuruzne pahuljice,0003763,0.5,500g,Vrecica,Crownfield,1.99,3.98,20052454,Hrana,1.99
Keksi s maslacem SK3,0003801,0.4,2x200g,Pakovanje,Sondey,2.79,6.98,20042905,Hrana,2.79
Topljeni sir trokutiæi 50% m.m.,0003831,0.4,400g,Pakovanje,Milbona,4.29,10.73,20157524,Hrana,4.29
Topljeni sir u kadicama SK18,0003834,0.2,200g,Posudica,Milbona,1.89,9.45,20010270,Hrana,1.89
Topljeni sir u kadicama SK18,0003834,0.2,200g,Posudica,Milbona,1.89,9.45,4056489117537,Hrana,1.89
Èokoladni vafli SK10,0003869,0.125,125g,Kart. na prekl.,Sondey,1.69,13.52,20113742,Hrana,1.69
"Bellarom Minas mljevena kava, 200g",0003892,0.2,200g,Vrecica,Bellarom,3.19,15.95,20193836,Piæe,3.19
"Bellarom Minas mljevena kava, 200g",0003892,0.2,200g,Vrecica,Bellarom,3.19,15.95,4056489317753,Piæe,3.19
"Trajno mlijeko 2,8% m.m.",0003904,1.031,1l,Pakovanje,Pilos,0.75,0.75,3859892277017,Hrana,0.79
"Trajno mlijeko 2,8% m.m.",0003904,1.031,1l,Pakovanje,Pilos,0.75,0.75,3870199000283,Hrana,0.79
Riža dugozrnata 5% loma,0003941,1,1kg,Vrecica,Golden Sun,1.43,1.43,20189921,Hrana,1.59
Pro-Vitamin Šampon 2u1 SK3,0003948,0.311,300ml,PET-Boca,Cien,1.49,4.97,20189013,Kozmetika,1.49
"Trajno mlijeko 3,5%",0003978,1.03,1l,Pakovanje,Pilos,1.09,1.09,4056489108160,Hrana,1.05
"Trajno mlijeko 1,5%",0003979,1.034,1l,Pakovanje,Pilos,0.95,0.95,4056489108122,Hrana,0.95
Pjenasti poljupci,0003988,0.3,300g,Kart. na prekl.,Mister Choc,3.39,11.3,20005917,Hrana,3.39
Raid Tekuæe punjenje za el.ap.,0004452,0.043,21ml,Pakovanje,,5.99,5.99,5000204804423,Proizvodi za kuæanstvo,5.99
Old Spice Deo stick,0004454,0.056,50ml,PET-Boca,,3.85,77,4015600862640,Kozmetika,3.85
Old Spice Deo stick,0004454,0.056,50ml,PET-Boca,,3.85,77,8001090970459,Kozmetika,3.85
Old Spice Deo stick,0004454,0.056,50ml,PET-Boca,,3.85,77,8700216162173,Kozmetika,3.85
Red Bull Sugarfree ,0004579,0.252,"0,25l",Limenka,Red Bull,1.39,5.56,90162800,Piæe,1.39
Johnson's Baby Ulje/Losion sort. ,0004627,0.5,500ml,Boca,,6.19,12.38,3574661425696,Kozmetika,6.19
"Instant napitak naranèa, 500g",0004839,0.5,500g,Vrecica,Freeway,2.39,4.78,20223779,Piæe,2.39
"Mallow Cocktail, 300g",0004840,0.3,300g,Vrecica,Sweet Corner,1.99,6.63,5411178851595,Hrana,1.99
Leæa SK1,0004964,0.5,500g,Vrecica,Campo Largo,1.16,2.32,20075125,Hrana,1.29
"Dove Gel za tuširanje sort., 250ml",0004967,0.258,250ml,Boca,,2.99,11.96,8711600798434,Kozmetika,2.99
"Dove Gel za tuširanje sort., 250ml",0004967,0.258,250ml,Boca,,2.99,11.96,8712561641173,Kozmetika,2.99
"Dove Gel za tuširanje sort., 250ml",0004967,0.258,250ml,Boca,,2.99,11.96,8712561779807,Kozmetika,2.99
Nestlé Nescafe 2u1/3u1,0005074,0.137,"80g, 140g, 155g",Vrecica,,2.99,21.36,7613034025333,Piæe,2.99
Nestlé Nescafe 2u1/3u1,0005074,0.137,"80g, 140g, 155g",Vrecica,,2.99,21.36,7613036842365,Piæe,2.99
Nestlé Nescafe 2u1/3u1,0005074,0.137,"80g, 140g, 155g",Vrecica,,2.99,37.38,7613036843881,Piæe,2.99
Nestlé Nescafe 2u1/3u1,0005074,0.137,"80g, 140g, 155g",Vrecica,,2.99,19.29,7613036870115,Piæe,2.99
Nestlé Nescafe 2u1/3u1,0005074,0.137,"80g, 140g, 155g",Vrecica,,2.99,17.59,8445291261044,Piæe,2.99
"BO Kruh s krumpirom, 400g",0005083,0.4,400g,Rasuto,,1.15,2.88,4052917806202,Hrana,1.15
"Èoko vafli s mlijeènom èok., UTZ",0005097,0.04,40g,Pakovanje,Sondey,0.39,0.39,20293765,Hrana,0.39
"Èoko vafli s mlijeènom èok., UTZ",0005097,0.04,40g,Pakovanje,Sondey,0.39,0.39,4056489357841,Hrana,0.39
Argeta Pašteta od tune 3x95g,0005122,0.285,3x95g,Pakovanje,,4.99,17.51,3838471022750,Hrana,4.99
Argeta Riblja pašteta SK1,0005139,0.095,95g,Limenka,,1.99,20.95,3838471042291,Hrana,1.99
"Argeta Kokošja pašteta SK2, 95g",0005140,0.095,95g,Limenka,,1.39,14.63,3838471038287,Hrana,1.39
"Argeta Kokošja pašteta SK2, 95g",0005140,0.095,95g,Limenka,,1.39,14.63,3838471051712,Hrana,1.39
"Salvete, 1-slojne",0005375,0.166,100komad,Pakovanje,Floralys,0.79,0.01,20114510,Proizvodi za kuæanstvo,0.79
"Brašno TIP 400 oštro, 5kg",0005445,5,5kg,Pakovanje,Belbake,2.85,0.57,4056489316091,Hrana,2.85
"Argeta Kokošja pašteta, 3x95g",0005502,0.285,3x95g,Pakovanje,,3.19,11.19,3838471033565,Hrana,3.49
"Svježi pileæi želuci, 500g",0005594,0.5,500g,Atmos-Pakiranje,,1.49,2.98,3857500012227,Hrana,1.49
Svježi pileæi filet,0005607,1,ca. 500g,Atmos-Pakiranje,Naša mesnica,7.39,7.39,2891928000000,Hrana,7.39
Svježi pileæi filet,0005607,1,ca. 500g,Atmos-Pakiranje,Naša mesnica,7.39,7.39,2891929000000,Hrana,7.39
Spužva za posuðe,0005619,0.06,10komad,Pakovanje,W5,0.99,0.1,20209889,Proizvodi za kuæanstvo,0.99
Axe gel za tuširanje sort.,0005639,0.257,250ml,Boca,,2.99,11.96,40883588,Kozmetika,2.99
Axe gel za tuširanje sort.,0005639,0.257,250ml,Boca,,2.99,11.96,42182597,Kozmetika,2.99
Axe gel za tuširanje sort.,0005639,0.257,250ml,Boca,,2.99,11.96,8711600655904,Kozmetika,2.99
Axe gel za tuširanje sort.,0005639,0.257,250ml,Boca,,2.99,11.96,8711700719308,Kozmetika,2.99
Argeta Junior kokošja pašteta 3x95g,0005751,0.285,3x95g,Pakovanje,,3.19,11.19,3838471027267,Hrana,3.49
Tic Tac SK5,0005761,0.018,18g,Pakovanje,,0.79,0.79,80052333,Hrana,0.79
Tic Tac SK5,0005761,0.018,18g,Pakovanje,,0.79,0.79,80800019,Hrana,0.79
Kulen/ Zimska salama SK5,0005829,0.3,300g,Atmos-Pakiranje,Pikok,3.09,10.3,20448226,Hrana,3.89
Schauma šampon sort.,0005896,0.52,400ml,Boca,,3.17,7.93,3838824086675,Kozmetika,3.17
Schauma šampon sort.,0005896,0.52,400ml,Boca,,3.17,7.93,3838824337821,Kozmetika,3.17
Schauma šampon sort.,0005896,0.52,400ml,Boca,,3.17,7.93,4015000999922,Kozmetika,3.17
Schauma šampon sort.,0005896,0.52,400ml,Boca,,3.17,7.93,4015001005677,Kozmetika,3.17
"Barcaffe mljevena kava, 175g",0005915,0.175,175g,Vrecica,,4.29,24.51,3838471025669,Piæe,4.29
"Orbit White žvakaæe gume sort., 14g",0005954,0.014,14g,Pakovanje,Mars,0.99,0.99,42113164,Hrana,0.99
Nivea Dezodorans roler SK1,0005958,0.052,50ml,Pakovanje,,3.95,79,4005900828095,Kozmetika,3.95
Nivea Dezodorans roler SK1,0005958,0.052,50ml,Pakovanje,,3.95,79,42241508,Kozmetika,3.95
"BO Slani klipiæ, 80g",0006048,0.08,80g,Rasuto,,0.49,6.13,3859890733232,Hrana,0.39
"BO Graham pecivo SUS, 55g",0006081,0.055,55g,Rasuto,,0.16,2.91,3859890771395,Hrana,0.17
"Juneæi æevapèiæi, 450g",0006095,0.45,450g,Atmos-Pakiranje,Naša mesnica,3.89,8.64,20476274,Hrana,4.99
Njoki s nadj. slanina-brie/sir SK1,0006148,0.5,500g,Plitica,Italiamo,2.49,4.98,20469689,Hrana,2.49
"Svj.pil. zadnja èetvrt, cca.650g",0006219,1,ca. 650g,Pakovanje,Naša mesnica,2.99,2.99,2136916000000,Hrana,2.99
Raid Sprej protiv mravi i žohara,0006231,0.315,300ml,Limenka,,5.59,18.63,5000204342406,Proizvodi za kuæanstvo,5.59
Raid Tablete za el. aparat,0006232,0.035,30komad,Pakovanje,,5.09,0.17,5000204358278,Proizvodi za kuæanstvo,5.09
"Jack Daniels Tennessee Whiskey, 40%",0006251,0.7,"0,7l",Boca,,23.02,32.89,3099873045864,Piæe,24.22
"Duplo Èokoladni prutiæ, 10 kom.",0006334,0.182,182g,Pakovanje,,2.99,16.43,4008400301020,Hrana,2.99
Ritter Sport SK17,0006343,0.1,100g,Tabla,Ritter,1.79,17.9,4000417028006,Hrana,1.79
Ritter Sport SK17,0006343,0.1,100g,Tabla,Ritter,1.79,17.9,4000417226006,Hrana,1.79
Ritter Sport SK17,0006343,0.1,100g,Tabla,Ritter,1.79,17.9,4000417233004,Hrana,1.79
Ritter Sport SK17,0006343,0.1,100g,Tabla,Ritter,1.79,17.9,4000417260000,Hrana,1.79
Ritter Sport SK17,0006343,0.1,100g,Tabla,Ritter,1.79,17.9,4000417292001,Hrana,1.79
Ritter Sport SK17,0006343,0.1,100g,Tabla,Ritter,1.79,17.9,4000417920003,Hrana,1.79
Hren SK2,0006427,0.189,"185g,190g",Staklo,Kania,1.19,6.26,20359508,Hrana,1.19
"Svježa pileæa leða, cca. 750g",0006457,1,ca. 750g,Atmos-Pakiranje,Naša mesnica,1.69,1.69,2852030000000,Hrana,1.69
"Svježa pileæa leða, cca. 750g",0006457,1,ca. 750g,Atmos-Pakiranje,Naša mesnica,1.69,1.69,2852035000000,Hrana,1.69
"Svježa pileæa leða, cca. 750g",0006457,1,ca. 750g,Atmos-Pakiranje,Naša mesnica,1.69,1.69,2891133000000,Hrana,1.69
"Svježa pileæa leða, cca. 750g",0006457,1,ca. 750g,Atmos-Pakiranje,Naša mesnica,1.69,1.69,2891136000000,Hrana,1.69
"Svježa pileæa prsa, bk sk, cca 500g",0006488,1,ca. 500g,Atmos-Pakiranje,Naša mesnica,5.89,5.89,2852054000000,Hrana,5.89
"Svježa pileæa prsa, bk sk, cca 500g",0006488,1,ca. 500g,Atmos-Pakiranje,Naša mesnica,5.89,5.89,2864880000000,Hrana,5.89
"Svježa pileæa prsa, bk sk, cca 500g",0006488,1,ca. 500g,Atmos-Pakiranje,Naša mesnica,5.89,5.89,2891144000000,Hrana,5.89
Svježi pileæi batak,0006489,1,ca. 500g,Atmos-Pakiranje,Naša mesnica,4.09,4.09,2852015000000,Hrana,4.09
Svježi pileæi batak,0006489,1,ca. 500g,Atmos-Pakiranje,Naša mesnica,4.09,4.09,2891965000000,Hrana,4.09
Imako Vranac 2l,0006571,1.99,2l,PET-Boca,,2.65,1.33,5319990776013,Piæe,2.65
Barilla Penne Rigate,0006616,0.5,500g,Kart. na prekl.,Barilla,1.19,2.38,8076802085738,Hrana,1.19
"Domaæe masl. s košt. SK1, OM: 200g",0006628,0.2,370ml,Staklo,Okusi zavièaja,3.29,16.45,20428853,Hrana,3.29
Istarski tvrdi sir XXL,0006651,0.4,400g,Vakumir. pakov.,Okusi zavièaja,5.99,14.98,20538033,Hrana,5.99
"Svježi pileæi zabatak, cca. 500g",0006675,1,ca. 500g,Atmos-Pakiranje,Naša mesnica,4.09,4.09,2891973000000,Hrana,4.09
"Svježi pileæi zabatak, cca. 500g",0006675,1,ca. 500g,Atmos-Pakiranje,Naša mesnica,4.09,4.09,2891978000000,Hrana,4.09
Lovorov list cijeli,0006688,0.005,5g,Vrecica,Kania,0.25,0.25,4056489787396,Hrana,0.25
"Zobeni keksi sa sezamom, 210g",0006704,0.21,210g,Pakovanje,Sondey,1.29,6.14,20343255,Hrana,1.29
"Pileæi mix za juhu, cca. 500g",0006735,1,ca. 500g,Atmos-Pakiranje,Naša mesnica,2.69,2.69,2891128000000,Hrana,2.69
Limoncino Or. di Sorrento 30% vol.,0007447,0.524,"0,5l",Boca,-,5.49,10.98,20048389,Piæe,5.49
M&M's SK2,0007674,0.214,"187g,220g",Samost.vreca,,3.29,14.95,5000159023283,Hrana,3.29
M&M's SK2,0007674,0.214,"187g,220g",Samost.vreca,,3.29,17.59,5000159423175,Hrana,3.29
Air Wick Fresh Matic Refill sort.,0008404,0.17,250ml,Limenka,,6.69,26.76,3059943010406,Sredstva za èišæenje,6.69
Air Wick Fresh Matic Refill sort.,0008404,0.17,250ml,Limenka,,6.69,26.76,5999109542038,Sredstva za èišæenje,6.69
Air Wick Fresh Matic Refill sort.,0008404,0.17,250ml,Limenka,,6.69,26.76,5999109544179,Sredstva za èišæenje,6.69
"Jaja razred M, klasa A, 30 komada",0008481,1.74,30komad,Pakovanje,,4.59,0.15,20342241,Hrana,4.59
"Svježe pile, cca. 1,5kg",0008692,1,"ca. 1,5kg",Pakovanje,Naša mesnica,2.69,2.69,2102710000000,Hrana,3.09
"Svježe pile, cca. 1,5kg",0008692,1,"ca. 1,5kg",Pakovanje,Naša mesnica,2.69,2.69,2886920000000,Hrana,3.09
Nivea Sun Dj. sprej za sunèa. ZF 30,0008717,0.2,200ml,PET-Boca,,16.99,84.95,5025970023694,Kozmetika,16.99
"Odojak s glavom, cca. 2,3kg",0008752,1,"ca. 2,3kg",Atmos-Pakiranje,Naša mesnica,7.99,7.99,2700709000000,Hrana,7.99
"Pinot crni, kvalitetno crno vino",0008925,0.745,"0,75l",Boca,Winemakers of Croatia,5.49,7.32,20395919,Piæe,5.49
"Ajvar SK2, 370ml",0009020,0.35,350g,Staklo,Kania,1.89,5.4,20492274,Hrana,1.89
Srdele u sunc. ulju,0009039,0.1,100g,Limenka,Okusi zavièaja,1.19,11.9,4056489611172,Hrana,1.19
"Ožujsko Svijetlo pivo 5%, 0,5l",0009326,0.5,"0,5l",Limenka,,1.48,2.96,3850131400609,Piæe,1.48
Lampion SK7,0009364,0.29,290g,Pakovanje,-,1.99,1.99,20660482,Proizvodi za kuæanstvo,1.99
Lampion SK7,0009364,0.29,290g,Pakovanje,-,1.99,1.99,20660505,Proizvodi za kuæanstvo,1.99
"Èoko vafli lješnjak, UTZ, RFA",0009859,0.04,40g,Pakovanje,Sondey,0.39,0.39,4056489357872,Hrana,0.39
Testartikel Kasse HR XY,0009990,1,"1,5l",PET-Boca,-,0.13,0.09,3851234567886,Piæe,1.89
"Alpska šunka u komadu, cca. 600g",0010237,1,ca. 600g,Vakumir. pakov.,Alpenfest,12.69,12.69,2510237000000,Hrana,12.69
"Alpska šunka u komadu, cca. 600g",0010237,1,ca. 600g,Vakumir. pakov.,Alpenfest,12.69,12.69,2810234000000,Hrana,12.69
"Alpska šunka u komadu, cca. 600g",0010237,1,ca. 600g,Vakumir. pakov.,Alpenfest,12.69,12.69,2810237000000,Hrana,12.69
Salsa umak,0010329,0.55,500ml,Boca,El Tequito,1.99,3.98,4056489694953,Hrana,1.99
Svježi njoki,0010371,0.5,500g,Vrecica,Chef Select,1.09,2.18,20035570,Hrana,1.19
"Mesnata slanina, dimljena",0010913,0.25,2x125g,Atmos-Pakiranje,Dulano,3.19,12.76,4056489443667,Hrana,3.19
Gyros,0011001,0.5,500g,Kart. na prekl.,Eridanous,4.29,8.58,20001742,Hrana,4.29
Krumpir salata,0011035,1,1kg,Posudica,Chef Select,2.89,2.89,4056489129875,Hrana,2.89
Maslinovo ulje ekstra djev.,0011366,0.912,1l,PET-Boca,Primadonna,8.99,8.99,20047290,Hrana,8.99
Narezana salama SK35,0011808,0.125,125g,Atmos-Pakiranje,Dulano,2.19,17.52,20048402,Hrana,2.19
Salsa umak SK8,0011890,0.31,"300g,315g",Staklo,Snack Day,1.59,5.3,20108588,Hrana,1.59
Chow Mein tjestenina,0012038,0.25,250g,Vrecica,Vitasia,0.99,3.96,20103699,Hrana,0.99
Smrznuto povræe za tavu SK21,0012083,0.75,750g,Vrecica,Freshona,2.99,3.99,4056489447856,Hrana,2.99
Zelene mahune,0012190,1,1000g,Vrecica,Duc de Coeur,2.29,2.29,20190385,Hrana,2.29
American style chicken strips,0012192,0.5,500g,Kart. na prekl.,McEnnedy,4.79,9.58,20143077,Hrana,4.79
Jogurt 5% SK 4,0012211,1,1kg,Kanta,Pilos,2.99,2.99,4056489110132,Hrana,Nije_bilo_u_prodaji_02.05.2025
"MSC Morski plodovi SK2, ATG: 270g",0012609,0.3,300g,Vakumir. pakov.,Ocean Sea,3.49,12.93,20102197,Hrana,3.49
Prženi luk,0012893,0.15,150g,Posudica,Kania,1.65,11,20173074,Hrana,1.65
Indijski orašèiæi,0012971,0.2,200g,Vrecica,Alesto Selection,2.89,14.45,20267605,Hrana,2.89
Tjestenina s jajima,0019889,0.5,500g,Vrecica,Combino,1.99,3.98,20049997,Hrana,1.99
Hrskavi müsli SK2,0019931,0.6,600g,Kart. na prekl.,Crownfield,3.35,5.58,20201807,Hrana,3.35
Keks s karamelom,0021239,0.058,58g,Pakovanje,Mister Choc,0.59,10.17,20077495,Hrana,0.59
Mini èokoladice s kikirikijem,0021247,0.35,350g,Vrecica,Mister Choc,3.59,10.26,20046323,Hrana,3.59
Sredstvo za èišæenje poda SK17,0021341,1.01,1l,PET-Boca,W5,1.85,1.85,20072384,Sredstva za èišæenje,1.85
Sredstvo za èišæenje poda SK17,0021341,1.01,1l,PET-Boca,W5,1.85,1.85,20349127,Sredstva za èišæenje,1.85
Sredstvo za èišæenje poda SK17,0021341,1.01,1l,PET-Boca,W5,1.85,1.85,4056489210085,Sredstva za èišæenje,1.85
Saldoled štapiæ jagoda-crisp,0021902,0.504,6x120ml,Kart. na prekl.,Gelatelli,5.49,7.63,20134129,Hrana,5.49
Ouzo 38% vol.,0021979,0.665,"0,7l",Boca,Zachos,6.69,9.56,4304493263130,Piæe,6.69
Kikiriki u tijestu SK9,0022808,0.2,200g,Vrecica,Alesto,1.59,7.95,20417970,Hrana,1.59
Kiseli gumeni bomboni jabuka,0023137,0.4,400g,Vrecica,Sweet Corner,2.19,5.48,20708184,Hrana,2.19
Mesni naresci SK2,0024325,0.1,100g,Atmos-Pakiranje,Alpenfest,1.89,18.9,20231903,Hrana,1.89
Mesni naresci SK2,0024325,0.1,100g,Atmos-Pakiranje,Alpenfest,1.89,18.9,4056489115441,Hrana,1.89
Pripravak od vinskog octa SK1,0024610,0.3,250ml,Boca,Deluxe,3.74,14.96,4056489323310,Hrana,3.74
"Lassi tekuæi jogurt 3,5% SK2",0024629,0.25,250g,Posudica,Vitasia,0.99,3.96,4304493261778,Hrana,0.99
Filet divljeg lososa SK1,0026798,0.7,700g,Kart. na prekl.,Ocean Sea,8.99,12.84,20171964,Hrana,8.99
Maramice za èišæenje lica SK11,0026909,0.15,25komad,Pakovanje,Cien,0.84,0.03,4056489472513,Proizvodi za kuæanstvo,0.84
Prekooceanska mini vina SK9,0027309,0.25,"0,25l",Boca,Cimarosa,1.89,7.56,20189617,Piæe,1.89
Špageti od durum pšenice,0027325,1,1kg,Vrecica,Italiamo,1.49,1.49,20063757,Hrana,1.49
Zaštitna Anti-age krema za sunè SK6,0027370,0.075,75ml,Tuba,Cien Sun,4.99,66.53,20231514,Kozmetika,4.99
Èokolada s cijelim bademima,0027512,0.2,200g,Tabla,Fin Carré,3.29,16.45,20005795,Hrana,3.29
Mini mix krem sladoled classic,0027547,0.429,12x50ml,Kart. na prekl.,Bon Gelati,5.49,9.15,4056489223351,Hrana,5.49
Bordeaux AOP Superieur,0027697,0.75,"0,75l",Boca,-,3.99,5.32,4056489102311,Piæe,3.99
Camembert le Caractere,0028212,0.25,250g,Pakovanje,Duc de Coeur,2.29,9.16,20442767,Hrana,2.29
Slatki kukuruz u zrnu (OM 285g),0028260,0.34,425ml,Limenka,Freshona,1.29,4.53,20153229,Hrana,1.29
Teddy's Hit grickalice,0028354,0.125,125g,Vrecica,Snack Day,1.79,14.32,20005597,Hrana,1.79
Gel za brijanje ,0028839,0.2,200ml,Limenka,Cien MEN,2.09,10.45,4056489436546,Kozmetika,2.09
Gel za brijanje ,0028839,0.2,200ml,Limenka,Cien MEN,2.09,10.45,4056489436553,Kozmetika,2.09
Flaster SK7,0028901,0.023,"20komad,40komad",Pakovanje,Sensiplast,0.89,0.04,20084943,Proizvodi za kuæanstvo,0.89
Flaster SK7,0028901,0.023,"20komad,40komad",Pakovanje,Sensiplast,0.89,0.02,20123956,Proizvodi za kuæanstvo,0.89
Flaster SK7,0028901,0.023,"20komad,40komad",Pakovanje,Sensiplast,0.89,0.02,4042441018455,Proizvodi za kuæanstvo,0.89
Flaster SK7,0028901,0.023,"20komad,40komad",Pakovanje,Sensiplast,0.89,0.04,4056489235583,Proizvodi za kuæanstvo,0.89
Flaster SK7,0028901,0.023,"20komad,40komad",Pakovanje,Sensiplast,0.89,0.02,40895383,Proizvodi za kuæanstvo,0.89
Rezani šampinjoni 3. klasa,0028924,0.4,425ml,Limenka,Freshona,1.19,5.17,20143855,Hrana,1.49
Talijanska Cherry rajèica,0029231,0.4,425ml,Limenka,Italiamo,1.19,4.96,20068516,Hrana,1.19
Uniferm Svježi kvasac,0029328,0.042,42g,Pakovanje,,0.29,0.29,41017739,Hrana,0.29
Kapare (OM 60g),0029475,0.105,106ml,Staklo,Freshona,0.69,11.5,20004323,Hrana,0.99
"Makadamijski orašèiæ, slan i peèen",0029505,0.125,125g,Vrecica,Alesto,2.99,23.92,20118761,Hrana,2.99
Parboiled riža u vreæici 4x125g,0029528,0.5,4x125g,Kart. na prekl.,Golden Sun,1.19,2.38,20035389,Hrana,1.19
Desertni specijaliteti SK22,0030937,0.175,"2x85g,2x90g",Pakovanje,MCENNEDY,1.69,9.94,4056489979135,Hrana,1.69
Desertni specijaliteti SK22,0030937,0.175,"2x85g,2x90g",Pakovanje,MCENNEDY,1.69,9.39,4056489979135,Hrana,1.69
Pjenasta kupka SK16,0031129,1.03,1l,PET-Boca,Cien,2.25,2.25,4056489694595,Kozmetika,2.25
Èokoladni štapiæi ,0031684,0.2,200g,Kart. na prekl.,Mister Choc,2.99,14.95,20131579,Hrana,2.99
Rioja DOCa Joven,0031966,0.75,"0,75l",Boca,Cepa Lebrel,3.49,4.65,4304493263390,Piæe,3.49
Gazirano piæe od limuna,0032003,0.34,"0,33l",Limenka,Freeway,0.69,2.09,4304493264724,Piæe,0.69
Lasagne SK32,0032112,0.4,400g,Plitica,Chef Select,2.79,6.98,4056489865599,Hrana,2.79
"Mini-Napolitanke, UTZ",0032168,0.26,4x65g,Pakovanje,Sondey,1.39,5.35,20857165,Hrana,1.39
"Svijetlo pivo 4,9%",0032276,0.503,"0,5l",Boca,Perlenbacher,0.99,1.98,4304493265776,Piæe,0.99
Snack kobasica Tirolska SK3,0032325,0.15,150g,Atmos-Pakiranje,Alpenfest,1.99,13.27,20421373,Hrana,1.99
Snack kobasica Tirolska SK3,0032325,0.15,150g,Atmos-Pakiranje,Alpenfest,1.99,13.27,22288810,Hrana,1.99
Superieur èok. štapiæi SK14,0032577,0.2,200g,Kart. na prekl.,J.D. Gross,4.69,23.45,20099763,Hrana,4.69
JAR Chardonnay/Colombard (EUA),0034517,0.744,"0,75l",Boca,Cimarosa,1.33,1.77,20245023,Piæe,1.33
"Tortilla èips SK1, SK5, SK6",0034632,0.15,150g,Vrecica,Snack Day,1.19,7.93,20236922,Hrana,1.19
"Tortilla èips SK1, SK5, SK6",0034632,0.15,150g,Vrecica,Snack Day,1.19,7.93,20236939,Hrana,1.19
"Tortilla èips SK1, SK5, SK6",0034632,0.15,150g,Vrecica,Snack Day,1.19,7.93,20236946,Hrana,1.19
"Tortilla èips SK1, SK5, SK6",0034632,0.15,150g,Vrecica,Snack Day,1.19,7.93,20308735,Hrana,1.19
"Tortilla èips SK1, SK5, SK6",0034632,0.15,150g,Vrecica,Snack Day,1.19,7.93,4056489452355,Hrana,1.19
Losion poslije sunèanja,0034641,0.495,500ml,Boca,Cien Sun,3.19,6.38,4056489601746,Kozmetika,3.19
Mljevena kava Espresso Bar,0035047,0.25,250g,Vakumir. pakov.,Bellarom,4.49,17.96,20033156,Piæe,3.99
Viura/Airen Valdepenas DO,0036724,0.75,"0,75l",Boca,Vega del Cega,2.49,3.32,20256678,Piæe,2.49
Svježi sok od crvene naranèe 100%,0037475,1.047,1l,PET-Boca,Solevita,2.99,2.99,4304493268609,Hrana,2.99
Èips s okusom sira i luka,0038408,0.15,150g,Vrecica,Snack Day,1.15,7.67,4056489487524,Hrana,1.15
Maslac za tijelo SK7,0038468,0.394,400ml,Kozm.posudica,Cien,2.99,7.48,20137861,Kozmetika,2.99
"Prutiæi za maèke SK4, 50g",0038491,0.05,50g,Pakovanje,Coshida,1.39,27.8,20295912,Proizvodi za kuæanstvo,1.39
Slatki kukuruz u zrnu (ATG 3x140g),0038640,0.45,3x212ml,Limenka,Freshona,2.09,4.98,20187897,Hrana,2.69
Smoothie 250ml SK13,0038798,0.265,250ml,PET-Boca,Solevita,1.49,5.96,4304493261914,Hrana,1.49
Smoothie 250ml SK13,0038798,0.265,250ml,PET-Boca,Solevita,1.49,5.96,4304493261938,Hrana,1.49
Smoothie 250ml SK13,0038798,0.265,250ml,PET-Boca,Solevita,1.49,5.96,4304493261952,Hrana,1.49
Hrana za pse SK13,0038821,0.3,300g,Plitica,Orlando,0.79,2.63,4056489583462,Proizvodi za kuæanstvo,0.89
Taco umaci SK1,0039132,0.23,215ml,Staklo,El Tequito,1.19,5.53,20122386,Hrana,1.19
Taco umaci SK1,0039132,0.23,215ml,Staklo,El Tequito,1.19,5.53,20122393,Hrana,1.19
Predjela na talijanski naèin SK16,0039135,0.288,"285g,300g",Staklo,Italiamo,2.29,7.63,20416676,Hrana,2.29
Predjela na talijanski naèin SK16,0039135,0.288,"285g,300g",Staklo,Italiamo,2.29,8.04,20488819,Hrana,2.29
Predjela na talijanski naèin SK16,0039135,0.288,"285g,300g",Staklo,Italiamo,2.29,7.63,20488826,Hrana,2.29
Pizza Margerita,0039155,0.3,300g,Kart. na prekl.,Trattoria Alfredo,1.99,6.63,4056489443018,Hrana,1.99
Pijesak za maèke,0039172,10,10kg,Vrecica,Coshida,3.75,0.38,20014056,Proizvodi za kuæanstvo,3.75
Zaèini SK3,0039567,0.046,"35g,45g,65g",PET-Boca,Vitasia,0.99,2.83,20400880,Hrana,0.99
Suha hrana za maèke 2 kg SK17,0039750,2,2kg,Vrecica,Coshida,3.45,1.73,20160814,Proizvodi za kuæanstvo,3.45
Tortilla XXL 12x25cm,0042917,0.74,740g,Pakovanje,Snack Day,2.29,3.09,20501396,Hrana,2.29
Bijele peèenice,0044220,1,1kg,Vakumir. pakov.,Grillmeister,6.69,6.69,4056489258049,Hrana,6.69
Kremasti liker od banane 17 % Vol.,0044746,0.563,"0,5l",Boca,,5.29,10.58,20263669,Piæe,4.19
Tilsiter komad 45% m.m.,0045107,0.4,400g,Pakovanje,Milbona,3.99,9.98,4056489234401,Hrana,3.99
Ganache praline,0047368,0.13,130g,Kart. na prekl.,Deluxe,3.65,28.08,20272067,Hrana,4.29
Kocke za potpalu,0048253,0.25,1komad,Kart. na prekl.,-,0.89,0.89,20277734,Proizvodi za kuæanstvo,0.89
Kolaè od sira,0048376,1.25,1250g,Kart. na prekl.,Alpenfest,5.99,4.79,20277055,Hrana,5.49
Šumeæe tablete multivitamin,0051521,0.09,90g,Limenka,Optisana,1.15,12.78,20289119,Hrana,1.15
Pileæi medaljoni Safari,0052500,0.4,400g,Kart. na prekl.,Culinea,4.64,11.6,4000789203964,Hrana,4.64
"Smrznuto povræe, SK7",0054707,0.45,450g,Vrecica,Freshona,1.59,3.53,4056489534075,Hrana,1.79
Korneti 6 kom. SK1,0054742,0.45,6x120ml,Kart. na prekl.,Gelatelli,2.99,4.15,20294571,Hrana,2.99
Set za èišæenje prašine,0055532,0.043,1komad,Kart. na prekl.,W5,1.49,1.49,20303006,Proizvodi za kuæanstvo,1.49
Ragolds Punjeni bomboni SK5,0055579,0.034,"33,6g",Pakovanje,,0.59,0.59,4014600112175,Hrana,0.59
"Prutiæi za pse SK1, 88g",0055891,0.088,88g,Pakovanje,Orlando,1.19,13.52,4056489142539,Proizvodi za kuæanstvo,1.19
Specijaliteti od kozjeg sira SK30,0058128,0.1,100g,Pakovanje,Duc de Coeur,1.71,17.1,20696610,Hrana,1.71
Ledena kava SK6,0058658,0.261,250ml,Posudica,Milbona,1.09,4.36,20036935,Hrana,1.09
Ledena kava SK6,0058658,0.261,250ml,Posudica,Milbona,1.09,4.36,20036959,Hrana,1.09
BO Èokoladni donut,0059883,0.068,68g,Rasuto,,0.59,8.68,4017040015532,Hrana,0.59
Mini èokolade SK2,0059926,0.04,40g,Tabla,Fin Carré,0.89,0.89,20548834,Hrana,0.89
Grèki zaèini SK5,0060253,0.041,"35g,40g,50g",Limenka,Eridanous,0.79,19.75,20550097,Hrana,0.79
Grèki zaèini SK5,0060253,0.041,"35g,40g,50g",Limenka,Eridanous,0.79,19.75,20656454,Hrana,0.79
Uskršnja èoko jaja,0060345,0.2,200g,Vrecica,Favorina,1.95,9.75,20549480,Hrana,1.95
Maramice za èišæenje naoèala,0060424,0.089,54komad,Kart. na prekl.,W5,0.99,0.02,4335619104372,Proizvodi za kuæanstvo,0.99
"Festbier 5,5%",0060604,0.5,"0,5l",Limenka,Perlenbacher,0.79,1.58,4304493261488,Piæe,0.79
Dezodorans SK21,0062781,0.117,200ml,Limenka,Cien,1.29,6.45,20321048,Kozmetika,1.29
Dezodorans SK21,0062781,0.117,200ml,Limenka,Cien,1.29,6.45,20399122,Kozmetika,1.29
Dezodorans SK21,0062781,0.117,200ml,Limenka,Cien,1.29,6.45,4056489235927,Kozmetika,1.29
Dezodorans SK21,0062781,0.117,200ml,Limenka,Cien,1.29,6.45,4056489235941,Kozmetika,1.29
Dezodorans SK21,0062781,0.117,200ml,Limenka,Cien,1.29,6.45,4056489525875,Kozmetika,1.29
Dezodorans SK21,0062781,0.117,200ml,Limenka,Cien,1.29,6.45,4056489547143,Kozmetika,1.29
Dezodorans muški SK15,0062785,0.124,200ml,Limenka,Cien MEN,1.29,6.45,20321086,Kozmetika,1.29
Dezodorans muški SK15,0062785,0.124,200ml,Limenka,Cien MEN,1.29,6.45,20321093,Kozmetika,1.29
Salata od tune SK6,0063512,0.22,220g,Limenka,Nixe,2.89,13.14,20398521,Hrana,2.89
Wok povræe SK2,0065136,0.6,600g,Vrecica,Vitasia,2.29,3.82,4056489499237,Hrana,2.59
Family Cappuccino RFA SK10,0065268,0.5,500g,Limenka,Bellarom,3.95,7.9,20441463,Piæe,3.95
Bellona ,0065607,0.15,150g,Pakovanje,Mister Choc,2.49,16.6,20839963,Hrana,2.49
"Svijetlo pivo 4,9% XXL",0065665,4.025,"8x0,5l",Boca,Perlenbacher,6.93,1.73,4056489298892,Piæe,6.93
Krema za ruke SK6,0065854,0.109,"125ml,75ml",Tuba,Cien,1.19,15.87,20334345,Kozmetika,1.19
Krema za ruke SK6,0065854,0.109,"125ml,75ml",Tuba,Cien,1.19,15.87,20548612,Kozmetika,1.19
Sladoled na štapiæu XXL,0065870,0.672,8x120ml,Kart. na prekl.,Bon Gelati,5.49,5.72,4056489375173,Hrana,5.49
Odstr. laka za nokte bez acet. SK8,0065975,0.173,200ml,Dozator,Cien,1.99,9.95,4056489617426,Kozmetika,1.99
Odstr. laka za nokte bez acet. SK8,0065975,0.173,200ml,Dozator,Cien,1.99,9.95,4056489617433,Kozmetika,1.99
Rošilj kobasice SK7,0067627,0.25,250g,Vakumir. pakov.,Grillmeister,2.59,10.36,20348502,Hrana,2.59
Rošilj kobasice SK7,0067627,0.25,250g,Vakumir. pakov.,Grillmeister,2.59,10.36,20348526,Hrana,2.59
MSC Fish & Chips,0069726,1,1000g,Vrecica,Hatherwood,6.69,6.69,20362904,Hrana,6.69
Beauty kompaktni puder SK4,0069825,0.005,"4,5g",Pakovanje,Cien,2.25,2.25,20908867,Kozmetika,2.25
Sjenilo za oèi SK3 ,0069833,0.003,1komad,Nepakirano,Cien,1.85,1.85,20030773,Kozmetika,1.85
Sir za roštilj SK1,0070128,0.28,280g,Pakovanje,Grillmeister,2.99,10.68,20364632,Hrana,2.99
Temeljac SK2,0070146,0.14,140g,Staklo,Kania,1.49,10.64,20365998,Hrana,1.49
Temeljac SK2,0070146,0.14,140g,Staklo,Kania,1.49,10.64,20366001,Hrana,1.49
Grèki sir,0070606,0.4,400g,Pakovanje,Eridanous,3.39,8.48,20376000,Hrana,3.39
Mini prutiæi ,0070702,0.5,500g,Pakovanje,Mister Choc,4.39,8.78,4056489172581,Hrana,4.39
Ledena kava XXL SK1,0070916,0.399,380ml,PET-Boca,Milbona,1.09,2.87,4304493266407,Hrana,1.09
Mlijeko za sunèanje ZF 30,0072126,0.258,250ml,PET-Boca,Cien,4.25,17,20382933,Kozmetika,4.25
Složenac od krumpira i brokule,0072138,0.4,400g,Kart. na prekl.,Deluxe,3.29,8.23,20382407,Hrana,3.29
Prženi kikiriki u tijestu XXL SK2,0072757,0.25,250g,Vrecica,Alesto,1.59,6.36,20360832,Hrana,1.59
Dimljeni losos XXL,0073887,0.22,220g,Pakovanje,Nautica,5.19,23.59,4335619195585,Hrana,6.69
Instant tjestenina SK1,0073974,0.054,"44g,50g,57g,66g",Posudica,Vitasia,1.29,22.63,20387341,Hrana,1.29
Instant tjestenina SK1,0073974,0.054,"44g,50g,57g,66g",Posudica,Vitasia,1.29,19.55,20387341,Hrana,1.29
Instant tjestenina SK1,0073974,0.054,"44g,50g,57g,66g",Posudica,Vitasia,1.29,29.32,4056489192220,Hrana,1.29
Instant tjestenina SK1,0073974,0.054,"44g,50g,57g,66g",Posudica,Vitasia,1.29,22.63,4056489192220,Hrana,1.29
Instant tjestenina SK1,0073974,0.054,"44g,50g,57g,66g",Posudica,Vitasia,1.29,29.32,4056489192244,Hrana,1.29
Instant tjestenina SK1,0073974,0.054,"44g,50g,57g,66g",Posudica,Vitasia,1.29,25.8,4056489192244,Hrana,1.29
Instant tjestenina SK1,0073974,0.054,"44g,50g,57g,66g",Posudica,Vitasia,1.29,29.32,4056489192251,Hrana,1.29
Sredstvo za održavanje per. rublja,0074675,0.509,2x250ml,PET-Boca,W5,1.99,3.98,4056489658795,Sredstva za èišæenje,1.99
Sirni namaz,0074722,0.3,300g,Posudica,Milbona,2.25,7.5,4056489143833,Hrana,2.25
"Basmati riža, 500g",0074980,0.5,500g,Samost.vreca,Golden Sun,1.49,2.98,20405625,Hrana,1.49
Premium torta SK1,0075239,0.75,750g,Kart. na prekl.,Deluxe,7.99,10.65,20518936,Hrana,7.99
Sladoled SK40,0076562,0.513,1000ml,Plitica,Bon Gelati,3.99,3.99,20348977,Hrana,3.99
Sredstvo za èišæenje tepiha,0077359,0.606,600ml,Limenka,W5,2.29,3.82,20338091,Sredstva za èišæenje,2.29
"Aluminijska folija 12µ, 30m",0077667,0.288,1komad,Pakovanje,Aromata,2.65,2.65,4056489118534,Proizvodi za kuæanstvo,2.65
Sok od naranèe 12% ,0078018,2.909,"14x0,2l",Pakovanje,Solevita,5.69,2.03,20415648,Piæe,5.69
BO Donut sa šeæerom,0078247,0.05,50g,Rasuto,,0.4,8,20417215,Hrana,0.4
XXL kobasica od mesa peradi,0078330,0.45,450g,Vakumir. pakov.,Dulano,1.99,4.42,4056489090762,Hrana,1.99
Kobasica za peèenje SK2,0079291,0.36,360g,Vakumir. pakov.,Grillmeister,2.99,8.31,20418717,Hrana,2.99
Kobasica za peèenje SK2,0079291,0.36,360g,Vakumir. pakov.,Grillmeister,2.99,8.31,4335619013438,Hrana,2.99
BO Proteinsko pecivo,0079358,0.11,110g,Rasuto,,0.69,6.27,20422592,Hrana,0.69
TK Wok-Mix SK1,0079617,0.5,500g,Vrecica,Freshona,1.99,3.98,4056489599302,Hrana,1.99
Mesni sir SK15,0079751,0.125,125g,Atmos-Pakiranje,Alpenfest,1.49,11.92,20419035,Hrana,1.05
Mesni sir SK15,0079751,0.125,125g,Atmos-Pakiranje,Alpenfest,1.49,11.92,4056489298908,Hrana,1.05
Mješavina vafla ili keksa XXL SK1,0079854,0.495,"440g,550g",Vrecica,Sondey,2.89,6.57,20420925,Hrana,3.49
Hamburger/Hot Dog peciva SK14,0079870,0.278,"250g,300g",Vrecica,Tastino,1.19,4.76,20006358,Hrana,1.19
Hamburger/Hot Dog peciva SK14,0079870,0.278,"250g,300g",Vrecica,Tastino,1.19,4.76,20151690,Hrana,1.19
Hamburger/Hot Dog peciva SK14,0079870,0.278,"250g,300g",Vrecica,Tastino,1.19,3.97,4056489846987,Hrana,1.19
Mrkva 1kg,0082761,1,1kg,Vrecica,,1.29,1.29,20165079,Hrana,1.29
Mrkva 1kg,0082761,1,1kg,Vrecica,,1.29,1.29,20342753,Hrana,1.29
Ljutika 250g,0082831,0.25,250g,Pakovanje,,0.99,3.96,20253479,Hrana,0.89
Pak Choi,0082923,0.52,2komad,Pakovanje,,1.29,1.29,20545697,Hrana,1.29
Šampinjoni 250g,0083015,0.25,250g,Pakovanje,,1.19,4.76,3858893060093,Hrana,1.19
Zaèinsko bilje rezano,0083103,0.03,30g,Pakovanje,,0.69,690,20590239,Hrana,0.69
Luk crveni 2kg,0083333,2,2kg,Pakovanje,,1.84,0.92,20242305,Hrana,1.64
Luk ljubièasti 1kg,0083352,1,1kg,Pakovanje,,1.29,1.29,20250416,Hrana,1.29
Bio matovilac,0084511,0.1,100g,Pakovanje,,1.29,12.9,20562342,Hrana,1.29
Bio tikvica 500g,0084545,0.5,500g,Pakovanje,,1.19,2.38,20240066,Hrana,1.69
Bio rajèica grappolo 500g,0084570,0.5,500g,Pakovanje,,1.79,3.58,20240059,Hrana,1.99
Bio zaèinsko bilje,0084647,0,1komad,Lonac,,1.19,1.19,20486242,Hrana,1.49
Bio luk 1kg,0084666,1,1kg,Pakovanje,,2.49,2.49,20240073,Hrana,2.49
"Voæni jogurt 2,8% m.m., SK1",0086882,0.15,150g,Posudica,Pilos,0.37,2.47,20156206,Hrana,0.37
Sjajilo za obuæu SK3,0087031,0.075,1komad,Nepakirano,W5,1.29,1.29,20439040,Sredstva za èišæenje,1.29
Sjajilo za obuæu SK3,0087031,0.075,1komad,Nepakirano,W5,1.29,1.29,20439071,Sredstva za èišæenje,1.29
Umaci na talijanski naèin SK1,0087611,0.35,350g,Staklo,Italiamo,1.59,4.54,20431471,Hrana,1.59
Umaci za tjesteninu SK6,0087612,0.35,350g,Staklo,Italiamo,1.59,4.54,20602116,Hrana,1.59
Snack od sira sort.,0088099,0.22,220g,Pakovanje,Milbona,3.29,14.95,20774851,Hrana,3.29
Snack od sira sort.,0088099,0.22,220g,Pakovanje,Milbona,3.29,14.95,20774875,Hrana,3.29
Snack od sira sort.,0088099,0.22,220g,Pakovanje,Milbona,3.29,14.95,4006923082228,Hrana,3.29
Šampon protiv prhuti SK10,0088436,0.3,300ml,PET-Boca,Cien,1.29,4.3,4056489424161,Kozmetika,1.29
Šampon protiv prhuti SK10,0088436,0.3,300ml,PET-Boca,Cien,1.29,4.3,4056489688105,Kozmetika,1.29
Pohano voæe SK1,0091211,0.4,400g,Kart. na prekl.,Vitasia,3.19,7.98,20487911,Hrana,2.99
Gel za tuširanje 3u1 SK16,0091976,0.309,300ml,PET-Boca,Cien,1.05,3.5,20460938,Kozmetika,1.05
Gel za tuširanje 3u1 SK16,0091976,0.309,300ml,PET-Boca,Cien,1.05,3.5,4056489688112,Kozmetika,1.05
Gel za tuširanje 3u1 SK16,0091976,0.309,300ml,PET-Boca,Cien,1.05,3.5,4056489753056,Kozmetika,1.05
Krpe za domaæinstvo SK3,0092429,0.062,"5komad,6komad",Pakovanje,W5,1.19,0.2,20007577,Proizvodi za kuæanstvo,1.19
Krpe za domaæinstvo SK3,0092429,0.062,"5komad,6komad",Pakovanje,W5,1.19,0.24,20462482,Proizvodi za kuæanstvo,1.19
Èokoladni prutiæ Candy,0092691,0.04,40g,Pakovanje,Mister Choc,0.49,0.49,20439309,Hrana,0.49
BO raženi miješani kruh,0092778,1,1000g,Rasuto,,1.59,1.59,20477042,Hrana,1.49
"BO Pecivo sa sjemenkama, 80g",0092785,0.085,80g,Rasuto,,0.33,4.13,20477110,Hrana,0.33
Šampon za kosu Professional SK1,0092853,0.267,250ml,PET-Boca,Cien,2.19,8.76,20460853,Kozmetika,2.19
Šampon za kosu Professional SK1,0092853,0.267,250ml,PET-Boca,Cien,2.19,8.76,4056489235064,Kozmetika,2.19
"Trajna kobasica, dimljena",0092892,0.15,150g,Atmos-Pakiranje,Dulano,1.99,13.27,20437022,Hrana,1.99
"Farmer Cookies SK4, UTZ",0094327,0.2,200g,Vrecica,Sondey,2.29,11.45,20452728,Hrana,2.29
"Farmer Cookies SK4, UTZ",0094327,0.2,200g,Vrecica,Sondey,2.29,11.45,20452735,Hrana,2.29
"Farmer Cookies SK4, UTZ",0094327,0.2,200g,Vrecica,Sondey,2.29,11.45,20706999,Hrana,2.29
Zaèinsko ulje SK7,0097277,0.12,125ml,Boca,Deluxe,1.89,15.12,20520199,Hrana,2.39
Zaèinsko ulje SK7,0097277,0.12,125ml,Boca,Deluxe,1.89,15.12,20520212,Hrana,2.39
Zaèinsko ulje SK7,0097277,0.12,125ml,Boca,Deluxe,1.89,15.12,4056489821946,Hrana,2.39
BO Croissant s pureæom hrenovkom,0097504,0.095,90g,Rasuto,,0.89,9.89,20525071,Hrana,0.89
"Pistacije pržene i slane, cca. 10kg",0097580,1,ca. 10kg,Rasuto,-,11.99,11.99,20392628,Hrana,11.99
Poklon set maslinovo ulje i ocat,0097593,0.287,3x100ml,Boca,Italiamo,11.99,39.97,20518875,Hrana,11.99
o.b. Tamponi SK1,0099299,0.052,"54komad,64komad",Kart. na prekl.,,4.29,0.08,3574661322636,Proizvodi za kuæanstvo,4.29
Papirnata vreæica,0099432,0.071,1komad,Nepakirano,-,0.39,0.39,4056489111177,Proizvodi za kuæanstvo,0.39
Listovi od tapioke i riže,0099720,0.25,250g,Vrecica,Vitasia,2.19,8.76,4335619113480,Hrana,2.19
BENGAL Nadopuna 45 noæi ,0099898,0.048,35ml,Pakovanje,,1.99,1.99,8008090603240,Proizvodi za kuæanstvo,1.99
"Indijski orašèiæi, prž. i slani XXL",0105268,0.25,250g,Vrecica,Alesto,2.89,11.56,4056489105381,Hrana,2.89
Kuhana šunka XXL,0105639,0.25,250g,Atmos-Pakiranje,Dulano,3.19,12.76,4056489604563,Hrana,3.19
Milkshake SK4,0108408,0.243,230ml,Posudica,MCENNEDY,0.99,4.3,20573157,Hrana,0.99
Keksiæi u posudi SK1,0108652,0.6,600g,Limenka,Favorina,3.99,6.65,20615055,Hrana,3.99
Keksiæi u posudi SK1,0108652,0.6,600g,Limenka,Favorina,3.99,6.65,20615062,Hrana,3.99
Premium Sol u mlincu SK11,0108674,0.153,"180g,70g",Staklo,Deluxe,3.89,55.57,20611750,Hrana,3.89
BO Kruh s medom i orasima,0109875,0.42,380g,Rasuto,,1.79,4.71,20625115,Hrana,1.79
Tekuæi puder SK7,0111947,0.034,30ml,Tuba,Cien,2.89,2.89,4056489656852,Kozmetika,2.89
Maslac za usne SK10,0112665,0.008,"3,3ml",Pakovanje,Cien,2.49,2.49,20009564,Kozmetika,2.49
Maslac za usne SK10,0112665,0.008,"3,3ml",Pakovanje,Cien,2.49,2.49,20668921,Kozmetika,2.49
Maslac za usne SK10,0112665,0.008,"3,3ml",Pakovanje,Cien,2.49,2.49,20955052,Kozmetika,2.49
Kandirano voæe SK2,0114596,0.1,100g,Pakovanje,Belbake,1.29,12.9,20688998,Hrana,1.29
Sir narezak SK4,0115279,0.175,175g,Pakovanje,Alpenfest,2.39,13.66,20696382,Hrana,2.39
ASC Dimljena pastrva SK1,0116232,0.125,125g,Pakovanje,Nautica,2.99,23.92,4056489417910,Hrana,2.99
Lak za nokte SK1,0116872,0.011,11ml,Boca,Cien,1.45,1.45,20916336,Kozmetika,1.45
Sir Brie XXL,0117425,0.25,250g,Pakovanje,Milbona,2.25,9,20724528,Hrana,2.25
Mješavina sireva XXL,0117427,0.5,500g,Vrecica,Milbona,4.99,9.98,4056489143499,Hrana,4.99
Slani stapiæi XXL,0117437,0.3,300g,Pakovanje,Snack Day,0.99,3.3,4335619046177,Hrana,0.99
Praline SK1,0117693,0.2,200g,Kart. na prekl.,J.D. Gross,5.49,27.45,20706876,Hrana,5.49
Pizza Jalapeno,0118011,0.36,360g,Kart. na prekl.,El Tequito,2.49,6.92,20707958,Hrana,2.39
Zamjenske britvice,0118124,0.012,3komad,Kart. na prekl.,Cien,3.99,1.33,4056489467779,Kozmetika,3.99
Bulgur Salata SK5,0119137,0.213,"200g,250g",Plitica,Chef Select,1.79,7.16,20757830,Hrana,1.79
Bulgur Salata SK5,0119137,0.213,"200g,250g",Plitica,Chef Select,1.79,8.95,20757847,Hrana,1.79
Orijentalni zaèini SK1,0119146,0.074,"60g,65g,75g,80g,85g",Vrecica,1001 delights,1.19,1.59,20840020,Hrana,1.19
Orijentalni zaèini SK1,0119146,0.074,"60g,65g,75g,80g,85g",Vrecica,1001 delights,1.19,1.4,20840044,Hrana,1.19
Orijentalni zaèini SK1,0119146,0.074,"60g,65g,75g,80g,85g",Vrecica,1001 delights,1.19,1.4,20840051,Hrana,1.19
Orijentalni zaèini SK1,0119146,0.074,"60g,65g,75g,80g,85g",Vrecica,1001 delights,1.19,1.49,20840068,Hrana,1.19
Orijentalni zaèini SK1,0119146,0.074,"60g,65g,75g,80g,85g",Vrecica,1001 delights,1.19,1.83,4056489936565,Hrana,1.19
Orijentalni zaèini SK1,0119146,0.074,"60g,65g,75g,80g,85g",Vrecica,1001 delights,1.19,1.49,4056489936565,Hrana,1.19
Orijentalni zaèini SK1,0119146,0.074,"60g,65g,75g,80g,85g",Vrecica,1001 delights,1.19,1.49,4056489936572,Hrana,1.19
Orijentalni zaèini SK1,0119146,0.074,"60g,65g,75g,80g,85g",Vrecica,1001 delights,1.19,1.4,4056489936572,Hrana,1.19
Bio kokosovo ulje,0119279,0.184,200ml,Staklo,,1.39,6.95,20758820,Hrana,1.59
Mini uskršnje figure SK3,0119495,0.125,125g,Limenka,Favorina,1.99,15.92,40884462,Hrana,1.99
Zeleni èaj UTZ SK21,0119798,0.044,"25x1,75g",Kart. na prekl.,Lord Nelson,1.29,1.29,20769604,Piæe,1.29
Kiseli gumeni bomboni,0119874,0.2,200g,Vrecica,Sugarland,1.29,6.45,20724054,Hrana,1.29
Jezgre oraha XXL,0122316,0.5,500g,Vrecica,Alesto Selection,5.79,11.58,20816438,Hrana,5.79
NZL Sauvignon Blanc Marlbor. (EUA),0122673,0.75,"0,75l",Boca,Cimarosa,7.99,10.65,4056489306672,Piæe,7.99
Tekuæi jogurt  SK8,0122949,0.85,850g,PET-Boca,Milbona,1.89,2.22,20817374,Hrana,1.89
Tekuæi jogurt  SK8,0122949,0.85,850g,PET-Boca,Milbona,1.89,2.22,4056489379232,Hrana,1.89
Tekuæi jogurt  SK8,0122949,0.85,850g,PET-Boca,Milbona,1.89,2.22,4304493270510,Hrana,1.89
Bulgur,0123256,0.5,500g,Kart. na prekl.,1001 delights,1.39,2.78,20829865,Hrana,1.39
Medenjaci s èokoladom SK1,0123657,0.5,500g,Pakovanje,Tastino,2.99,5.98,20537708,Hrana,2.99
Kokosovo mlijeko SK1,0124068,0.4,425ml,Limenka,Freshona,1.59,3.74,20103644,Hrana,1.59
Mini mix sladoled XXL,0128115,0.576,16x50ml,Kart. na prekl.,Bon Gelati,5.49,6.86,20916343,Hrana,5.39
Krema za ruke Tradition SK5,0128286,0.03,30ml,Tuba,Cien,1.29,1.29,20903183,Kozmetika,1.29
Long Lasting gel lak za nokte,0128296,0.011,11ml,Boca,Cien Beauty,1.09,1.09,20979102,Kozmetika,1.09
Glossy Gel Lak za nokte SK18,0128299,0.011,11ml,Boca,Cien Beauty,1.15,1.15,4056489273035,Kozmetika,1.15
Glossy Gel Lak za nokte SK18,0128299,0.011,11ml,Boca,Cien Beauty,1.15,1.15,4056489751458,Kozmetika,1.15
Glossy Gel Lak za nokte SK18,0128299,0.011,11ml,Boca,Cien Beauty,1.15,1.15,4335619073555,Kozmetika,1.15
Mini koljenice Sous vide,0128565,0.5,500g,Kart. na prekl.,Alpenfest,4.99,9.98,20918569,Hrana,4.99
Veganska pizza SK1,0129141,0.37,"350g,390g",Kart. na prekl.,Vemondo,1.59,4.08,20936549,Hrana,1.59
Cheeseburger SK9,0131898,0.32,320g,Atmos-Pakiranje,Chef Select,2.89,9.03,20995324,Hrana,2.89
"Vreæice za smeæe, 25l",0132202,0.252,50komad,Pakovanje,Purio,1.29,0.03,20997472,Proizvodi za kuæanstvo,1.29
Djeèji gel za zube SK3,0132312,0.133,100ml,Tuba,Dentalux,0.89,8.9,20018559,Kozmetika,0.89
Njega za zube SK12,0132608,0.052,"1komad,6komad",Pakovanje,Dentalux,1.58,1.58,20525095,Kozmetika,1.99
Njega za zube SK12,0132608,0.052,"1komad,6komad",Pakovanje,Dentalux,1.58,1.58,20525125,Kozmetika,1.99
Konac za zube SK15,0132609,0.04,1komad,Blister,Dentalux,1.85,1.85,20524913,Kozmetika,1.85
Konac za zube SK15,0132609,0.04,1komad,Blister,Dentalux,1.85,1.85,40899329,Kozmetika,1.85
Hairvital Regenerator za kosu SK5,0133014,0.248,250ml,PET-Boca,Cien,1.49,5.96,20978457,Kozmetika,1.49
Hairvital Regenerator za kosu SK5,0133014,0.248,250ml,PET-Boca,Cien,1.49,5.96,4056489152781,Kozmetika,1.49
Hairvital Šampon za kosu SK5,0133026,0.309,300ml,PET-Boca,Cien,1.29,4.3,20978433,Kozmetika,1.29
Pacifièke kozice u umaku SK12,0135387,0.1,100g,Sortirano,Vitasia,2.69,26.9,4056489186489,Hrana,2.69
Kozice u umaku SK1,0135828,0.3,300g,Kart. na prekl.,Vitasia,4.49,14.97,20046637,Hrana,3.99
Tablete za strojno pranje posuða,0135958,0.9,60x15g,Pakovanje,W5,5.29,5.88,4056489570707,Sredstva za èišæenje,5.29
Pinot Noir Vin de France,0135965,0.75,"0,75l",Boca,-,3.49,4.65,4056489644101,Piæe,3.49
"Pinot Noir rosé 12,5%",0136438,0.75,"0,75l",Boca,,3.99,5.32,4056489972389,Piæe,3.99
Sladoled Vafl sendviè XXL SK1,0136449,0.455,10x90ml,Kart. na prekl.,Bon Gelati,3.39,3.77,4056489639701,Hrana,2.43
Craft pivo SK1,0137230,0.5,"0,5l",Limenka,-,1.39,2.78,4054500121013,Piæe,1.29
Craft pivo SK1,0137230,0.5,"0,5l",Limenka,-,1.39,2.78,4054500121037,Piæe,1.29
Zeleni èaj RFA SK1,0140030,0.044,"25x1,75g",Kart. na prekl.,Vitasia,1.09,1.09,4056489350934,Piæe,0.99
Uskršnji zeèevi,0140873,0.125,125g,Box,Favorina,1.59,12.72,4056489018544,Hrana,1.59
Pure Taste Suha hrana za pse SK1,0141821,1.5,"1,5kg",Vrecica,Orlando Pure Taste,4.49,2.99,4056489017103,Proizvodi za kuæanstvo,4.49
Maslinovo ulje SK4,0141884,0.458,500ml,Boca,Primadonna,3.99,7.98,4056489973027,Hrana,5.79
Mlj. èok. s raznim punjenjem SK1,0144007,0.299,"295g,300g",Tabla,Fin Carré,4.49,14.97,4056489030034,Hrana,4.49
Mlj. èok. s raznim punjenjem SK1,0144007,0.299,"295g,300g",Tabla,Fin Carré,4.49,15.22,4056489030058,Hrana,4.49
Tortille od pšeniè. brašna sa sjem.,0144244,1.2,1200g,Pakovanje,1001 delights,3.99,3.33,4056489031406,Hrana,3.99
Èistaè prašine,0144382,0.088,10komad,Kart. na prekl.,W5,1.99,0.2,4056489745426,Proizvodi za kuæanstvo,1.99
Hrana za maèke SK1,0149266,0.085,85g,Plitica,Coshida,0.69,8.12,4056489182061,Proizvodi za kuæanstvo,0.69
Apotheker Alkoholna piæa 40% SK1,0149611,0.485,"0,5l",Boca,,7.99,15.98,4304493267213,Piæe,6.29
"Votka 37,5%",0149867,0.666,"0,7l",Boca,,8.49,12.13,4304493267770,Piæe,6.29
Mojito 20%,0149871,0.73,"0,7l",Boca,,4.99,7.13,4056489192817,Piæe,3.49
Amerièki desert SK1,0150211,0.165,"2x80g,2x85g",Pakovanje,MCENNEDY,1.79,11.19,4056489201779,Hrana,1.79
Kava mljevena SK3,0150278,0.25,250g,Vrecica,Bellarom,3.29,13.16,4056489639152,Piæe,3.29
Premium suha hrana za maèke SK6,0150382,0.8,800g,Vrecica,Coshida Selection,2.79,3.49,4056489330547,Proizvodi za kuæanstvo,2.79
High Protein puding SK18,0150741,0.2,200g,Posudica,Milbona,0.99,4.95,4056489216162,Hrana,0.99
Dezodorans SK17,0150789,0.052,50ml,PET-Boca,Cien,1.05,21,20918897,Kozmetika,1.05
Dezodorans SK17,0150789,0.052,50ml,PET-Boca,Cien,1.05,21,4056489643654,Kozmetika,1.05
Tek. det. za pranje osj. rublja SK3,0151363,1.521,"1,5l",PET-Boca,Formil,3.75,2.5,4056489665441,Sredstva za èišæenje,3.75
Tek. det. za pranje osj. rublja SK3,0151363,1.521,"1,5l",PET-Boca,Formil,3.75,2.5,4056489697633,Sredstva za èišæenje,3.75
Deterdžent za pranje rublja 50pr.,0151385,3.75,"3,75kg",Pakovanje,Maxitrat,4.69,0.09,4056489940319,Sredstva za èišæenje,5.69
Deterdžent za pranje rublja 112pr.,0151386,8.4,"8,4kg",Pakovanje,Maxitrat,10.75,0.1,4056489225409,Sredstva za èišæenje,10.75
Japanska mješavina rižinih krekera,0154102,0.25,250g,Vrecica,Alesto,1.99,7.96,20317171,Hrana,1.99
Hrana za maèke,0154444,1.02,12x85g,Pakovanje,Coshida,6.79,6.66,4056489275954,Proizvodi za kuæanstvo,6.79
Zaèini SK1,0154517,0.127,"100g,120g,140g,130g",Limenka,Kania,1.69,14.08,4056489279426,Hrana,1.69
Zaèini SK1,0154517,0.127,"100g,120g,140g,130g",Limenka,Kania,1.69,13,4056489279426,Hrana,1.69
Zaèini SK1,0154517,0.127,"100g,120g,140g,130g",Limenka,Kania,1.69,16.9,4056489279464,Hrana,1.69
Voæni sok od mandarine,0154729,0.784,750ml,PET-Boca,Sol&Mar,2.49,3.32,4304493269231,Hrana,2.49
Pasta za peèenje SK2,0154765,0.05,50g,Tuba,Belbake,2.59,51.8,4056489289418,Hrana,3.29
Arnold Sörensen Skuša u sun. ulju,0154969,0.125,125g,Limenka,,1.59,18.07,4751007735223,Hrana,1.59
Osvježivaè WC školjke SK2,0155695,0.096,2x48g,Blister,W5,1.39,14.48,4056489304937,Sredstva za èišæenje,1.39
Morski plodovi marinirani,0155811,0.3,300g,Pakovanje,Deluxe,3.59,11.97,4056489351610,Hrana,3.59
Masline XXL SK3,0155917,0.4,400g,Plitica,Chef Select & You,3.99,9.98,4056489599425,Hrana,3.99
Deterdžent za posuðe SK2,0156211,2.04,2l,Vrecica,W5,2.69,2.69,4056489314691,Sredstva za èišæenje,2.69
Losos u lisnatom SK1,0156223,0.7,700g,Kart. na prekl.,Deluxe,8.69,12.41,4056489314745,Hrana,8.69
Kuhano vino borovnica  9% vol.,0156226,1,1l,Boca,-,1.99,1.99,4056489314776,Piæe,1.99
High Protein Pizza SK3,0156963,0.264,"254g,274g",Kart. na prekl.,Trattoria Alfredo,3.99,15.71,4056489539797,Hrana,3.99
Umaci SK1,0156969,0.2,200g,Pakovanje,Let's have a party!,1.09,5.45,4056489322924,Hrana,1.09
Osvježivaè za hladnjak,0157292,0.04,40g,Blister,W5,1.29,32.25,4056489329022,Sredstva za èišæenje,1.29
Nature Sredst. za pranje posuða SK1,0157353,0.518,500ml,Boca,W5,1.59,3.18,4056489329374,Sredstva za èišæenje,1.59
Tekuæi osvježivaè zraka SK1,0157563,0.019,2x4ml,Blister,W5,1.39,173.75,4056489330677,Sredstva za èišæenje,1.39
Tekuæi sap. za ruke antibak. aloe v,0157805,0.518,500ml,PET-Boca,Cien,1.39,2.78,4056489345343,Kozmetika,1.39
Nature Balzam za kosu SK1,0158153,0.199,200ml,PET-Boca,Cien Nature,2.29,11.45,4056489329794,Kozmetika,2.29
Spaghetti od leæe SK1,0162210,0.5,500g,Vrecica,Combino,3.39,6.78,4056489206828,Hrana,3.39
Veganski muffin vanilija,0162267,0.36,360g,Pakovanje,Vemondo,1.99,5.53,4056489436485,Hrana,1.99
Flying Goose Chilli umak SK2,0162583,0.455,455ml,PET-Boca,,4.49,9.87,8853662056661,Hrana,4.49
Instant kava Gold ,0162590,0.2,200g,Staklo,Bellarom,7.59,37.95,4056489440628,Piæe,7.19
Pesto XXL SK1,0162835,0.55,550g,Staklo,Baresa,3.99,7.25,4056489441403,Hrana,3.99
Delikatesna salata,0163050,0.4,400g,Posudica,Chef Select,1.99,4.98,4056489443346,Hrana,1.99
Jednokratna dvostruka britvica,0163332,0.028,5komad,Vrecica,Cien,0.89,0.18,4056489869900,Kozmetika,0.89
Bio Tofu,0163485,0.3,300g,Plitica,Vemondo,1.99,6.63,4260431638869,Hrana,1.99
Nadopuna za tek. antib. sapun SK1,0163912,1.545,"1,5l",Vrecica,Cien,1.89,1.26,4056489455707,Kozmetika,1.89
Vitaminska voda SK1,0163933,0.508,"0,5l",PET-Boca,Saguaro,0.99,1.98,4304493268302,Piæe,0.99
Kompletna hrana za maèke SK20,0164210,0.415,415g,Limenka,Coshida,0.89,2.14,20103156,Proizvodi za kuæanstvo,0.89
Extra djevièansko maslinovo ulje,0164798,0.458,500ml,Boca,Italiamo,5.99,11.98,4056489459460,Hrana,5.99
Bo Klipiæ s nugatom,5003318,0.086,86g,Rasuto,,0.89,10.35,4056489544609,Hrana,0.89
Germ knedle SK3,5003458,0.56,560g,Kart. na prekl.,Alpenfest,2.99,5.34,20986896,Hrana,2.99
Manner napolitanke,5003556,0.4,400g,Vrecica,,2.79,6.98,9000331607917,Hrana,2.59
High protein napitak SK4,5007051,0.35,350g,PET-Boca,Milbona,1.29,3.69,4335619038622,Hrana,1.29
Carski drobljenac SK1,5009101,0.3,300g,Vrecica,Alpenfest,2.29,7.63,4056489544890,Hrana,1.99
Bio Kefir,5009325,0.5,500g,PET-Boca,Milbona,1.29,2.58,4056489861553,Hrana,1.29
L.Casei Active Drink SK1,5010625,0.4,4x100g,Pakovanje,Milbona,1.35,3.38,4056489861928,Hrana,1.35
Alpinetta maslac,5010704,0.25,250g,Pakovanje,,1.99,7.96,4006496018129,Hrana,1.99
High Protein Shot SK1,5011916,0.4,4x100g,PET-Boca,Milbona,2.39,5.98,4335619038479,Hrana,2.39
Svježi sir s pestom SK1,5011933,0.15,150g,Posudica,Deluxe,1.99,13.27,20987169,Hrana,1.99
Svježi sir s pestom SK1,5011933,0.15,150g,Posudica,Deluxe,1.99,13.27,20987176,Hrana,1.99
Svježi sir s pestom SK1,5011933,0.15,150g,Posudica,Deluxe,1.99,13.27,4335619038042,Hrana,1.99
Sirevi SK1,5200709,0.14,140g,Pakovanje,Hatherwood,2.99,21.36,4056489335825,Hrana,2.99
Sirevi SK1,5200709,0.14,140g,Pakovanje,Hatherwood,2.99,21.36,4056489712022,Hrana,2.99
Cake Angels Ukrasi za tortu SK2,5202468,0.113,"102g,113g,123g",Posudica,,2.59,25.39,5030101027939,Hrana,3.29
Cake Angels Ukrasi za tortu SK2,5202468,0.113,"102g,113g,123g",Posudica,,2.59,21.06,5030101027939,Hrana,3.29
Šlag u prahu,5502172,0.06,60g,Vrecica,Belbake,0.59,9.83,20052553,Hrana,0.59
Carski sir u listiæima SK1,5502819,0.15,150g,Atmos-Posudica,Pilos,1.79,11.93,20146603,Hrana,1.79
Carski sir u listiæima SK1,5502819,0.15,150g,Atmos-Posudica,Pilos,1.79,11.93,20496791,Hrana,1.79
Prašak za puding SK8,5502873,0.042,"40g,45g",Vrecica,Belbake,0.22,0.22,20179410,Hrana,0.22
Topljeni sir rolice SK1,5503088,0.1,100g,Pakovanje,Pilos,0.59,5.9,20394158,Hrana,0.79
Svinjska kobasica XXL,5504270,0.45,450g,Atmos-Pakiranje,Pikok,4.59,10.2,20760717,Hrana,4.59
Mini salame XXL SK1,5505447,0.15,150g,Atmos-Pakiranje,Pikok,1.69,11.27,20762674,Hrana,1.69
Hrenovke XXL,5505584,0.92,920g,Atmos-Pakiranje,Pikok,6.29,6.84,4056489061106,Hrana,6.29
Osvježivaè zraka SK4,5507867,0.425,425g,PET-Boca,W5,1.69,3.98,4056489878551,Sredstva za èišæenje,1.69
Osvježivaè zraka SK4,5507867,0.425,425g,PET-Boca,W5,1.69,3.98,4056489878568,Sredstva za èišæenje,1.69
Osvježivaè zraka SK4,5507867,0.425,425g,PET-Boca,W5,1.69,3.98,4335619188976,Sredstva za èišæenje,1.69
Tekuæi sapun SK1,5514501,1.05,1l,Samost.vreca,Cien,0.99,0.99,20982843,Kozmetika,1.59
Tekuæi sapun SK1,5514501,1.05,1l,Samost.vreca,Cien,0.99,0.99,4056489622550,Kozmetika,1.59
Pašteta SK3,5516355,0.13,130g,Atmos-Posudica,Baroni,0.59,4.54,20063795,Hrana,0.59
Pašteta SK3,5516355,0.13,130g,Atmos-Posudica,Baroni,0.59,4.54,4056489586982,Hrana,0.59
Mirisne luèice SK7 ,5519199,0.214,18komad,Pakovanje,-,1.59,0.09,20340506,Proizvodi za kuæanstvo,1.59
Mirisne luèice SK7 ,5519199,0.214,18komad,Pakovanje,-,1.59,0.09,4056489535997,Proizvodi za kuæanstvo,1.59
Mirisne luèice SK7 ,5519199,0.214,18komad,Pakovanje,-,1.59,0.09,4056489536000,Proizvodi za kuæanstvo,1.59
Mirisne luèice SK7 ,5519199,0.214,18komad,Pakovanje,-,1.59,0.09,4335619141339,Proizvodi za kuæanstvo,1.59
Radler Limun Menta Vol. 0%,5519352,0.5,"0,5l",Limenka,Argus,0.79,1.58,4335619260825,Piæe,0.75
Radler Limun Vol. 0%,5519353,0.5,"0,5l",Limenka,Argus,0.79,1.58,20064808,Piæe,0.75
Sapun iz Provanse SK10,5603194,0.1,100g,Pakovanje,Duc de Coeur,0.79,7.9,3511720115181,Kozmetika,0.79
Brie de Meaux,5605210,0.2,200g,Kutija,,3.69,18.45,3496080210267,Hrana,3.69
Kuskus,5614965,0.5,500g,Kart. na prekl.,1001 delights,1.39,2.78,4056489565499,Hrana,1.39
Pita s lososom,5615915,0.4,400g,Kart. na prekl.,Duc de Coeur,2.69,6.73,20291020,Hrana,2.69
Pita s porilukom,5617736,0.4,400g,Kart. na prekl.,Duc de Coeur,2.19,5.48,20291013,Hrana,2.19
Losos u lisnatom sa špinatom,5617858,0.5,500g,Atmos-Posudica,Duc de Coeur,5.99,11.98,20594459,Hrana,5.99
Salama XXL SK3,5619941,0.12,120g,Atmos-Pakiranje,French Style,1.99,16.58,20928414,Hrana,1.99
Francuski sirevi,5620001,0.3,300g,Pakovanje,Deluxe,5.55,18.5,4056489970194,Hrana,5.55
Masline bez koštica SK1,5700192,0.34,370ml,Staklo,Baresa,1.39,8.18,20443375,Hrana,1.39
Masline bez koštica SK1,5700192,0.34,370ml,Staklo,Baresa,1.39,8.69,20443382,Hrana,1.39
Premium Sherry Pedro Ximénez 15% V.,5709584,0.5,"0,5l",Boca,Tio Nico,4.99,9.98,4304493260276,Piæe,4.99
Pecivo sa sjemenkama suncokreta,5712457,0.166,2x83g,Vrecica,Sol&Mar,1.29,7.77,4056489408178,Hrana,1.29
Fileti inæuna SK3,5713057,0.11,110g,Vakumir. pakov.,Sol&Mar,2.99,27.18,20190125,Hrana,2.99
Proteinski štapiæ (280ml) SK1,5715036,0.182,"4x45,5g",Kart. na prekl.,Gelatelli,4.49,24.67,4056489576273,Hrana,4.49
Mediteranski Gin 40%,5716941,0.7,700ml,Boca,,10.99,15.7,4304493260344,Piæe,5.55
Vino blanco semi seco DO Valencia,5717714,0.75,"0,75l",Boca,Viajero,3.49,4.65,4056489801221,Piæe,3.49
Gin&Tonic limun,5719810,0.25,250ml,Limenka,Gin Nostrum,1.39,5.56,4335619109209,Piæe,1.39
Pastel de Nata razne vrste SK1,5911136,0.24,"240g,4x60g",Pakovanje,Sol&Mar,2.79,11.63,4056489695813,Hrana,2.79
Umak cherry rajèica,6000017,0.33,330g,Boca,Italiamo,0.99,3,20469320,Hrana,0.99
Vrganji,6000066,0.3,300g,Vrecica,Deluxe,3.39,11.3,20341299,Hrana,3.39
Ravioli s medom i sirom,6000082,0.25,250g,Atmos-Posudica,Deluxe,1.69,6.76,20446161,Hrana,1.69
Svježe punjena tjestenina SK6,6000209,0.25,250g,Atmos-Posudica,Chef Select,1.49,5.96,20499846,Hrana,1.49
Svježe punjena tjestenina SK6,6000209,0.25,250g,Atmos-Posudica,Chef Select,1.49,5.96,20969912,Hrana,1.49
Povræe za Minestrone juhu,6000412,1,1kg,Vrecica,Italiamo,2.49,2.49,20137441,Hrana,2.49
Mozzarella od bivoljeg mlijeka,6000474,0.125,125g,Vrecica,Italiamo,1.59,12.72,20531805,Hrana,1.59
Panzerotti s kozic. i rak.,6000660,0.25,250g,Atmos-Posudica,Deluxe,1.89,7.56,20570248,Hrana,1.89
Bio napitak od zobi 10%,6008601,1.021,1l,Pakovanje,Vemondo,1.19,1.19,4056489041320,Hrana,1.19
Depilacijske trake SK4,6009602,0.057,"16komad,32komad,40komad",Kart. na prekl.,Cien,1.99,0.06,4056489523550,Kozmetika,1.99
Depilacijske trake SK4,6009602,0.057,"16komad,32komad,40komad",Kart. na prekl.,Cien,1.99,0.06,4056489523574,Kozmetika,1.99
Svježa tjestenina SK41,6009605,0.25,250g,Atmos-Posudica,Italiamo,1.79,7.16,20685195,Hrana,1.79
Mini Burrata sir,6012305,0.2,4x50g,Posudica,Italiamo,3.21,16.05,4056489420248,Hrana,3.21
Buðola s bobicama kleke,6013276,0.1,100g,Atmos-Pakiranje,Deluxe,2.99,29.9,4056489523130,Hrana,2.99
Namaz od pistacija,6013376,0.19,190g,Staklo,Maribel,3.99,21,4056489721413,Hrana,3.99
Milchschnitte,6014560,0.28,10x28g,Kart. na prekl.,Milbona,2.49,8.89,4056489632177,Hrana,2.49
Ricotta desert SK4,6014676,0.11,110g,Staklo,Deluxe,1.59,14.45,4335619027930,Hrana,1.59
Lasagne od durum pšenice,6014771,0.5,500g,Pakovanje,Combino,1.79,3.58,4056489633341,Hrana,1.79
Scamorza sir SK6,6015657,0.3,300g,Vakumir. pakov.,Italiamo,2.79,9.3,20622671,Hrana,2.79
Proteinske palaèinke slana karamela,6016810,0.2,200g,Kart. na prekl.,Confiserie Firenze,2.49,12.45,4056489891901,Hrana,2.49
Tjestenina s rajèicom i sirom,6017173,0.175,175g,Vrecica,Kania,1.69,9.66,4335619027176,Hrana,1.69
Svježa tjestenina SK71,6017515,0.25,250g,Atmos-Posudica,Deluxe,1.89,7.56,4056489891345,Hrana,1.89
Svježa punjena tjesteina SK73,6017655,0.25,250g,Atmos-Posudica,Deluxe,1.69,6.76,4056489891314,Hrana,1.69
Mješavina salata SK4,6403207,0.185,"170g,200g",Vrecica,Chef Select,1.19,7,20755638,Hrana,1.19
Mješavina salata SK4,6403207,0.185,"170g,200g",Vrecica,Chef Select,1.19,5.95,20755638,Hrana,1.19
Voæni prutiæi SK12,6403632,0.15,5x30g,Pakovanje,Alesto,1.99,13.27,20755270,Hrana,1.99
Francuski Mix bez kukuruza,6403695,1,1000g,Vrecica,Freshona,2.39,2.39,20755904,Hrana,2.39
Posebna salama od mesa peradi SK1,6406333,0.5,500g,Stanga,Pikok,1.59,3.18,4056489158066,Hrana,1.59
"Svježi pureæi file, 850g",6406797,0.85,850g,Atmos-Pakiranje,-,8.99,10.58,5995885819586,Hrana,8.99
"Pureæa krila s kosti, cca. 750g",6406819,1,c.750g,Atmos-Pakiranje,-,3.89,3.89,2706819000000,Hrana,3.89
Jabuèni ocat 5%,6700827,1.008,1l,PET-Boca,-,1.05,1.05,20536657,Hrana,1.05
Èips rebrasti slani,6714974,0.15,150g,Vrecica,Snack Day,1.15,7.67,4056489911371,Hrana,1.15
Grožðice u mlijeènoj èokoladi,6715886,0.1,100g,Vrecica,Mister Choc,1.49,14.9,4056489908869,Hrana,1.49
Prašak za pecivo,6807138,0.05,5x10g,Vrecica,Belbake,0.39,7.8,4056489294405,Hrana,0.39
"Feferoni ljuti, OM 360g",6900306,0.34,720ml,Staklo,Freshona,2.49,6.92,20438180,Hrana,2.49
PPK Pašteta SK1,6900387,0.1,100g,Posudica,,0.69,6.9,3858881617032,Hrana,0.69
Juneæi roštilj mix,6900399,0.75,750g,Atmos-Pakiranje,,6.49,8.65,20538965,Hrana,5.59
Buðola,6900635,1,ca. 600g,Vakumir. pakov.,Okusi zavièaja,19.69,19.69,2256690000000,Hrana,19.69
Buðola,6900635,1,ca. 600g,Vakumir. pakov.,Okusi zavièaja,19.69,19.69,2700635000000,Hrana,19.69
Kavabon rolica,6900649,0.04,40g,Pakovanje,,0.49,0.49,3877000471058,Hrana,0.49
Dolcela Puding SK1,6900762,0.156,"4x37g,4x45g",Vrecica,,2.09,11.61,3850104276507,Hrana,2.09
Dolcela Puding SK1,6900762,0.156,"4x37g,4x45g",Vrecica,,2.09,14.12,3850104276514,Hrana,2.09
"Cedevita Instant napitak, limun",6900825,1,1000g,Vrecica,,6.39,6.39,3850322015803,Piæe,6.39
Argeta Pašteta od lososa,6901391,0.095,95g,Limenka,,2.39,25.16,3838471013109,Hrana,2.39
Johnnie Walker Red Label Whisky 40%,6901395,0.7,"0,7l",Boca,,18.39,26.27,5000267014234,Piæe,18.59
Èupavci,6901416,0.48,480g,Pakovanje,Okusi zavièaja,3.89,8.1,20778606,Hrana,5.89
Èips paprika,6901417,0.25,250g,Vrecica,Snack Day,1.59,6.36,20662127,Hrana,1.59
Barcaffe Classic mljevena kava,6901533,0.6,600g,Vrecica,,8.79,14.65,3838471030908,Piæe,8.79
"Staropramen Svij. pivo 5%, 4x0,5l",6901538,2,"4x0,5l",Limenka,,5.61,2.81,3850131001875,Piæe,5.61
Ožujsko pivo s grejpom 2%,6901564,0.5,"0,5l",Limenka,,1.55,3.1,3850131002551,Piæe,1.55
Bruschette Maretti s povræem,6901568,0.15,150g,Vrecica,,1.59,10.6,3800205872924,Hrana,1.59
Bruschetti Maretti s rajèicama,6901569,0.15,150g,Vrecica,,1.59,10.6,3800205877547,Hrana,1.59
Iuris Traminac i Graševina,6901614,0.753,"0,75l",Boca,,5.99,7.99,3859891102020,Piæe,5.99
Èips slani,6901626,0.04,40g,Vrecica,Snack Day,0.39,0.39,20779597,Hrana,0.39
"Skaramuèa Dingaè, vrh. vino",6901640,0.75,"0,75l",Boca,,13.79,18.39,3859888214019,Piæe,13.79
Djeèje vlažne maramice XXL SK1,6901653,1.473,3x100komad,Pakovanje,Lupilu,2.99,0.01,20779238,Proizvodi za kuæanstvo,2.79
Èešnjovka/Dalmatinska kob. XXL SK1,6901672,0.4,400g,Vakumir. pakov.,Okusi zavièaja,5.49,13.73,20779030,Hrana,5.49
Šunka u ovitku,6901745,0.5,500g,Vakumir. pakov.,Pikok,3.39,6.78,4056489926443,Hrana,3.39
BO Beskvasni kruh SUS,6901825,0.4,400g,Rasuto,,1.39,3.48,3859890733188,Hrana,1.59
Èokoladni Truffle kolaèiæi,6901897,0.225,225g,Pakovanje,Deluxe,2.99,13.29,3859892847203,Hrana,2.99
Svježi domaæi kolaèi XXL,6901925,0.82,820g,Pakovanje,Okusi zavièaja,5.99,7.3,20780371,Hrana,5.99
Domaæi ajvar,6901931,0.55,550g,Staklo,Kania,6.63,12.05,20780265,Hrana,6.63
"Champions Edition Mix kobas., nar.",6901934,0.3,300g,Atmos-Pakiranje,Champions Edition,4.59,15.3,20780456,Hrana,4.59
BO Punozrnati kruh,6901942,0.6,600g,Rasuto,,1.79,2.98,3859889133647,Hrana,1.79
Klara Fri-Fri,6901990,0.22,4x55g,Pakovanje,,1.25,5.68,3858881320833,Hrana,1.25
Dimljeni jeger,6902048,0.3,300g,Vakumir. pakov.,Okusi zavièaja,2.19,7.3,20780494,Hrana,2.19
Capo pinca,6902100,0.4,400g,Vrecica,,1.59,3.98,3859890108795,Hrana,1.59
Roštilj kobasice SK3,6902125,0.44,440g,Vakumir. pakov.,Grill&Fun,3.49,7.93,20491796,Hrana,3.49
Burek s goveðim mesom,6902130,0.6,600g,Kart. na prekl.,1001 delights,3.58,5.97,4056489610724,Hrana,3.58
Kraš Petit Beurre,6902157,0.48,480g,Pakovanje,,2.99,6.23,3850102311439,Hrana,2.99
Kraš Životinjsko carstvo èokolada,6902162,0.015,15g,Pakovanje,,0.69,0.69,3850102507979,Hrana,0.69
Kraš Životinjsko carstvo èokolada,6902162,0.015,15g,Pakovanje,,0.69,0.69,3850102508044,Hrana,0.69
"Dukat Tekuæi jogurt 2,8% m.m.",6902226,1.5,"1,5kg",PET-Boca,,1.95,1.3,3850354016038,Hrana,1.95
Pljeskavica,6902247,0.45,450g,Atmos-Pakiranje,Naša mesnica,2.99,6.64,20781163,Hrana,3.79
"Ožujsko Radler s bazgom, 2%",6902257,0.5,"0,5l",Limenka,,1.49,2.98,3850131004623,Piæe,1.49
Barkleys Classic SK10,6902264,0.05,50g,Limenka,,2.39,47.8,8717438743318,Hrana,2.39
Šunka za pizzu,6902352,0.4,400g,Vakumir. pakov.,Pikok,2.29,5.73,20780838,Hrana,2.19
"Mlada teletina za peèenje, cca. 2kg",6902353,1,cca. 2kg,Atmos-Pakiranje,Naša mesnica,8.59,8.59,2894540000000,Hrana,9.99
"Mlada teletina za peèenje, cca. 2kg",6902353,1,cca. 2kg,Atmos-Pakiranje,Naša mesnica,8.59,8.59,2894693000000,Hrana,9.99
"Mlada teletina za peèenje, cca. 2kg",6902353,1,cca. 2kg,Atmos-Pakiranje,Naša mesnica,8.59,8.59,2894698000000,Hrana,9.99
Riblji namaz SK4,6902391,0.165,165g,Staklo,Okusi zavièaja,3.99,24.18,20781576,Hrana,3.99
"Jaja podni uzgoj, razred L, 10 kom.",6902414,0.68,10komad,Pakovanje,Okusi zavièaja,2.69,0.27,4056489075004,Hrana,2.69
"Jaja podni uzgoj, razred L, 10 kom.",6902414,0.68,10komad,Pakovanje,Okusi zavièaja,2.69,0.27,4056489317852,Hrana,2.69
Istarski salamin s tartufima,6902429,0.2,200g,Atmos-Pakiranje,Deluxe,5.99,29.95,20780289,Hrana,5.99
Torterie Macaron Cheesecake,6902450,0.22,220g,Pakovanje,,3.29,14.95,3857500062819,Hrana,3.29
Gabriel Slani zreli kozji sir,6902502,0.2,200g,Pakovanje,,3.99,19.95,3859892805067,Hrana,3.99
Gabriel Jogurt od kozjeg mlijeka,6902503,0.5,500ml,PET-Boca,,1.79,3.58,3859892805555,Hrana,1.79
Zvijezda Francuska salata,6902539,1,1000g,Posudica,,5.95,5.95,3856015319333,Hrana,5.95
Iloèki Traminac,6902576,0.75,"0,75l",Boca,,6.69,8.92,3859889556538,Piæe,6.69
Jana Ledeni èaj breskva,6902584,1.5,"1,5l",PET-Boca,,1.69,1.13,3858884601045,Piæe,1.69
Faks Deterdžent lavanda&smilje,6902751,2.275,"2,275kg",Kutija,,11.99,5.27,3850105163691,Sredstva za èišæenje,11.99
BO Somun,6902753,0.2,200g,Rasuto,,0.58,2.9,4052917230519,Hrana,0.58
Ekos Voæni kolaè,6902764,0.36,360g,Pakovanje,,3.99,11.08,3858889615771,Hrana,3.99
"Ravni kulen, narezak",6902772,0.1,100g,Atmos-Pakiranje,Okusi zavièaja,1.99,19.9,20781286,Hrana,1.99
Zvijezda Suncokretovo ulje,6902824,3.68,4x1l,Pakovanje,,5.99,1.5,3856015312860,Hrana,5.99
"Svinjska rebra marinirana, ca. 500g",6902856,1,ca. 500g,Vakumir. pakov.,Naša mesnica,6.59,6.59,2113801000000,Hrana,6.59
"'z bregov Svježe mlijeko 1,5% m.m. ",6902886,1.03,1l,PET-Boca,,1.45,1.45,3850108011838,Hrana,1.45
Grèki voæni jogurt SK3,6902972,0.15,150g,Posudica,Pilos,0.75,5,4056489316794,Hrana,0.75
Juneæa pljeskavica,6903001,0.45,450g,Atmos-Posudica,Naša mesnica,4.99,11.09,20538958,Hrana,4.99
"Palmolive Gel za tuširanje, SK1",6903031,0.517,500ml,Boca,,4.25,8.5,3830055879064,Kozmetika,4.25
"Palmolive Gel za tuširanje, SK1",6903031,0.517,500ml,Boca,,4.25,8.5,8714789943893,Kozmetika,4.25
Badel Pelinkovac 31%,6903101,1,1000ml,Boca,,16.02,16.02,3850112110039,Piæe,16.02
Koko Meso mlade kokoši,6903247,1,"ca. 1,1kg",Vrecica,,2.19,2.19,2819430000000,Hrana,2.19
Becutan Šampon i kupka 2u1,6903252,0.848,750ml,Pakovanje,,7.29,9.72,5310001256661,Kozmetika,7.29
Vegeta Univerzalni zaè. 250g + 20%g,6903280,0.3,300g,Vrecica,,2.19,7.3,3850104216466,Hrana,2.19
Ketchup SK1,6903311,1,1000g,PET-Boca,Kania,1.69,1.69,20251048,Hrana,1.69
Lampioni multipack,6903354,1.6,10x160g,Pakovanje,-,8.9,0.89,4056489926221,Proizvodi za kuæanstvo,8.9
Lampioni Premium SK2,6903360,0.5,500g,Pakovanje,-,3.49,3.49,20251574,Proizvodi za kuæanstvo,3.49
Hanuta Mini,6903705,0.2,200g,Vrecica,,4.49,22.45,4008400351926,Hrana,4.49
Zvijezda Majoneza,6903779,0.4,400g,Pakovanje,,3.99,9.98,3858882219020,Hrana,3.99
Swisslion Išleri s Eurocremom,6903795,0.125,125g,Pakovanje,,1.09,8.72,8600946445006,Hrana,1.09
Bijeli rezani kruh,6903825,0.5,500g,Vrecica,Tastino,0.65,1.3,3859893442339,Hrana,0.89
Roštilj kobasice XXL SK3,6903897,0.7,700g,Vakumir. pakov.,Pikok,3.69,5.27,4056489073444,Hrana,3.69
Podravka Bakin èaj,6904130,0.05,50g,Kart. na prekl.,,1.59,1.59,3856020220655,Piæe,1.59
Podravka Èaj od ðumbira s limunom,6904131,0.04,40g,Kart. na prekl.,,1.59,1.59,3856020205331,Piæe,1.59
"Pan Svijetlo pivo 4,8%, 6x0,5l",6904157,3,"6x0,5l",Limenka,,7.47,2.49,3858887581993,Piæe,7.47
Ukrasna vreæica 32x26x12cm,6904180,0.046,1komad,Vrecica,,1.45,1.45,3856023028982,Proizvodi za kuæanstvo,1.45
Ukrasna vreæica 32x26x12cm,6904180,0.046,1komad,Vrecica,,1.45,1.45,3856023029439,Proizvodi za kuæanstvo,1.45
Papir/folija 70x100cm,6904186,0.022,1komad,Pakovanje,,1.19,1.19,3858888055868,Proizvodi za kuæanstvo,1.19
"Rolana šunka b.k., cca.1,5kg",6904221,1,"cca.1,5kg",Vakumir. pakov.,Okusi zavièaja,6.09,6.09,2847150000000,Hrana,6.09
"Perfa Jaja iz podnog uzgoja,M,bijel",6904234,0.53,10komad,Pakovanje,,2.29,0.23,3859889055284,Hrana,2.29
Ferrero Duplo Chocnut ,6904241,0.13,5x26g,Pakovanje,,3.19,24.54,8000500022634,Hrana,3.19
Bobi Flips,6904279,0.27,3x90g,Vrecica,,1.59,5.89,3858891161501,Hrana,1.59
Triangle Snack slani SK1,6904309,0.05,50g,Vrecica,Snack Day,0.59,11.8,4056489074335,Hrana,0.59
Èokoladne bananice,6904481,0.03,30g,Pakovanje,Mister Choc,0.45,0.45,4056489073802,Hrana,0.45
"Edamer, polutvrdi sir",6904516,1,1kg,Pakovanje,-,7.95,7.95,3859894087102,Hrana,7.95
Lino Lada namaz Milk,6904546,0.35,350g,Staklo,,3.99,11.4,3850104267109,Hrana,3.99
'z bregov Mlij. pr. nap. èoko-kiki.,6904567,0.5,500ml,Pakovanje,,1.99,3.98,3850108023688,Hrana,1.99
'z bregov Protein ml.pr. nap. èoko.,6904568,0.5,500ml,Pakovanje,,2.49,4.98,3850108023664,Hrana,2.49
Encian B-Kompleks,6904613,0.017,30komad,Box,,3.55,0.12,3858890104080,Hrana,3.55
Mini Babybel 4 komada,6904619,0.08,80g,Mreza,,1.33,16.63,3073780956130,Hrana,1.33
'z bregov Protein pud. kokos-badem,6904868,0.18,180g,Posudica,,1.29,7.17,3850108040920,Hrana,1.29
BO Tamna kajzerica sa sjemenkama,6904943,0.06,55g,Rasuto,,0.18,3.27,3859890755296,Hrana,0.19
PIK Kuhana šunka narezana,6905007,0.125,125g,Atmos-Pakiranje,,2.49,19.92,3850139360516,Hrana,1.99
Hipp BIO meni povræe/riža/piletina,6905071,0.19,190g,Staklo,,2.05,10.79,9062300100959,Hrana,2.05
Hipp BIO meni povræe/riža/teletina,6905078,0.22,220g,Staklo,,2.05,9.32,9062300103035,Hrana,2.05
"Svježi pileæi zabatak, cca. 500g",6905084,1,ca. 500g,Atmos-Pakiranje,Naša mesnica,4.09,4.09,2868640000000,Hrana,4.09
Osvježavajuæe maramice za ruke,6905170,0.066,15komad,Pakovanje,Floralys,0.39,0.03,4056489316558,Proizvodi za kuæanstvo,0.39
Shake Mirisne granule za ormar SK1,6905239,0.038,1komad,Pakovanje,,1.89,1.89,3859890779384,Proizvodi za kuæanstvo,1.89
Obiteljski svježi kolaèi,6905271,0.33,"330g, 345g",Pakovanje,Okusi zavièaja,5.49,16.64,4056489316732,Hrana,5.49
Obiteljski svježi kolaèi,6905271,0.33,"330g, 345g",Pakovanje,Okusi zavièaja,5.49,15.91,4056489316732,Hrana,5.49
Indomie Instant juha okus piletina,6905279,0.35,5x70g,Pakovanje,,2.09,5.97,0089686170115,Hrana,2.09
Meri Merino Tekuæi deterdžent Color,6905282,2.7,"2,7l",PET-Boca,,7.19,2.66,3850111105791,Sredstva za èišæenje,7.19
"File otkoštenog zabatka, cca. 500g",6905305,1,ca. 500g,Atmos-Pakiranje,Naša mesnica,6.99,6.99,2868829000000,Hrana,6.99
"Èvrsti jogurt 0,9% m.m.",6905310,0.18,180g,Posudica,Pilos,0.35,1.94,4056489316480,Hrana,0.35
Podravka Kokošja kocka RETRO,6905311,0.12,120g,Pakovanje,,1.49,12.42,3856020245887,Hrana,1.49
FSC Briketi za roštilj,6905372,2.5,"2,5kg",Vrecica,,3.19,1.28,3859888141179,Proizvodi za kuæanstvo,3.19
Tomahawk Steak,6905446,1,ca. 850g,Vakumir. pakov.,-,14.99,14.99,2868860000000,Hrana,14.99
Frozy Plodovi mora u mediter. umaku,6905451,0.5,500g,Kart. na prekl.,,3.69,7.38,3858891044606,Hrana,3.69
JGL Djeèja mast,6905455,0.15,150ml,Posudica,,4.95,33,3858891010076,Kozmetika,4.95
"Tuborg Svijetlo pivo 4,6%",6905524,3,"6x0,5l",Limenka,,6.49,2.16,3858887584147,Piæe,6.49
Ledo Roðendanska torta,6905541,1,1000g,Pakovanje,,17.99,17.99,3850116875873,Hrana,17.99
Fix umaci (62-70g) SK1,6905911,0.065,"62g,70g",Vrecica,Kania,0.49,7,4056489317418,Hrana,0.49
"Tekuæi jogurt 2,8% Elopak",6905921,1,1kg,Pakovanje,Pilos,1.59,1.59,4056489317593,Hrana,1.59
Dodatak jelima s povræem,6905944,0.5,500g,Vrecica,Kania,1.19,2.38,4056489317456,Hrana,1.29
BO Lizika,6905949,0.18,180g,Rasuto,,0.69,3.83,3859890733607,Hrana,0.69
BO Snickerino Donut,6905951,0.076,76g,Rasuto,,0.59,7.76,3859893136306,Hrana,0.59
Dorina Èokolada SK1,6905966,0.231,"220g,250g",Pakovanje,,4.49,20.41,3850102502189,Hrana,4.49
"Lumen Elektronski lampion, Memoria",6905971,0.125,1komad,Pakovanje,,2.59,2.59,3870634066317,Proizvodi za kuæanstvo,2.59
"Alpsko Trajno mlijeko 3,5%",6905987,6.18,6x1l,Pakovanje,,7.99,1.33,3838800058467,Hrana,7.99
Podravka Krem juha Rajèica,6906050,0.06,60g,Vrecica,,1.39,23.17,3850104274619,Hrana,1.39
Mochi SK2,7207726,0.21,210g,Kart. na prekl.,Gelatelli,3.49,16.62,4056489941231,Hrana,3.49
"Paloma Toaletni papir, 3-slojni",7300347,1.312,16x114Blatt,Pakovanje,,3.59,0.22,3838952016438,Proizvodi za kuæanstvo,3.59
Leone Sladoled na štapiæu SK1,7302358,0.21,6x60ml,Kart. na prekl.,,2.79,7.75,3830053872173,Hrana,2.79
Gazirana mineralna voda,7302476,1.5,"1,5l",PET-Boca,Saguaro,0.65,0.43,4056489296928,Piæe,0.65
Radenska Retro Classic Gaz. m. voda,7302710,1.5,"1,5l",PET-Boca,,0.85,0.57,3830065020579,Piæe,0.85
Domaæi kuhani štrukli,7303241,0.35,350g,Pakovanje,,2.95,8.43,3830070881424,Hrana,2.95
Leone Sladolde na štapiæu SK2,7303384,0.152,"4x60ml,4x70ml",Kart. na prekl.,,2.29,8.18,3830053876157,Hrana,2.29
Poli pileæa posebna kob. u um. crij,7304065,0.5,500g,Stanga,,3.19,6.38,3850220153911,Hrana,3.19
Fussili od leæe/slanutka SK1,7702738,0.25,250g,Vrecica,Combino,1.89,7.56,20031442,Hrana,1.89
Proteinski prutiæ 50% SK7,7703649,0.045,45g,Pakovanje,-,1.35,1.35,20035525,Hrana,1.35
Proteinski prutiæ 50% SK7,7703649,0.045,45g,Pakovanje,-,1.35,1.35,20035587,Hrana,1.35
Proteinski prutiæ 50% SK7,7703649,0.045,45g,Pakovanje,-,1.35,1.35,4056489038597,Hrana,1.35
Noodles instant na azijski SK4,7706656,0.06,60g,Vrecica,,0.69,11.5,8852018101024,Hrana,0.69
Kobasica od mesa peradi SK2,7711309,0.379,"350g,400g",Pakovanje,Grillmeister,3.29,8.23,4009335090096,Hrana,3.29
Vivil Bomboni bez šeæera sort.,7713799,0.12,120g,Vrecica,,1.79,14.92,4020400893039,Hrana,1.79
Vivil Bomboni bez šeæera sort.,7713799,0.12,120g,Vrecica,,1.79,14.92,4020400893046,Hrana,1.79
Vivil Bomboni bez šeæera sort.,7713799,0.12,120g,Vrecica,,1.79,14.92,4020400898683,Hrana,1.79
Lepinja SK1,7713961,0.24,240g,Vrecica,Eridanous,1.59,6.63,4056489706090,Hrana,1.52
Tortilla Chips Paprika,7714662,0.06,60g,Pakovanje,-,2.99,49.83,4056489707158,Hrana,2.99
Šunka s morskom soli SK1,7718017,0.1,100g,Atmos-Pakiranje,Deluxe,2.4,24,4335619132900,Hrana,2.4
Sirni namaz 60%,9000032,0.1,100g,Posudica,Pilos,0.89,8.9,20965266,Hrana,0.89
Mini pogaèice sa sezamom,9000150,1,1kg,Vrecica,Tastino,2.49,2.49,20966393,Hrana,2.49
Croissant sa sirom RSPO,9001619,1,1kg,Vrecica,Tastino,2.99,2.99,4056489274384,Hrana,2.99
Kokošja juha RSPO,9002294,0.065,65g,Vrecica,-,0.49,7.54,4056489508441,Hrana,0.49
Kiseli krastavci 2. klasa,9002441,0.68,720ml,Staklo,Freshona,1.59,4.42,4056489508908,Hrana,1.65
Vipro Ljutenica,9003271,0.54,540g,Staklo,,3.19,5.91,5319990177599,Hrana,3.19
Vipro Malidžano,9003272,0.54,540g,Staklo,,2.99,5.54,5310149003288,Hrana,2.99
Vipro Ajvar SK1,9003289,0.54,540g,Staklo,,3.09,5.72,5319990177889,Hrana,3.09
Vipro Ajvar SK1,9003289,0.54,540g,Staklo,,3.09,5.72,5319990177926,Hrana,3.09
Keks s dodanim vitaminima,9003443,0.3,300g,Pakovanje,Sondey,1.99,6.63,4056489994848,Hrana,1.99
Twins pohane palaèinke SK2,9003518,0.4,400g,Pakovanje,,2.29,5.73,5319992169196,Hrana,2.29
Predjela XXL SK3,0158188,0.3,300g,Pakovanje,Chef Select,4.49,14.97,4056489675914,Hrana,4.49
Štapiæi od bambusa,0159122,0.06,10komad,Pakovanje,Vitasia,0.55,0.06,4056489364139,Proizvodi za kuæanstvo,0.69
Tamna èokolada 85%,0159177,0.1,100g,Tabla,Fin Carré,1.89,18.9,4056489366461,Hrana,1.99
Mješavine za muffine SK27,0159610,0.325,"310g,340g",Kart. na prekl.,Belbake,2.19,7.06,20149925,Hrana,2.19
Higijenski gel za ruke,0160345,0.3,300ml,PET-Boca,Cien,1.98,6.6,4056489345268,Kozmetika,1.98
High Protein Gris puding SK1,0160550,0.2,200g,Posudica,Milbona,0.99,4.95,4056489406563,Hrana,0.99
Deterdžent miris Bali,0160638,6.5,"6,5kg",Pakovanje,Formil,11.99,11.99,4056489816164,Sredstva za èišæenje,11.99
Pasta Bowl SK5,0161221,0.4,400g,Plitica,Italiamo,2.79,6.98,4056489437062,Hrana,2.79
Vreæice za pseæi izmet [15µ],0161549,0.12,4x20komad,Kart. na prekl.,Orlando,1.65,0.02,20396084,Proizvodi za kuæanstvo,1.65
Mirisni osvježivaè prostora SK18,0161698,0.148,150ml,PET-Boca,W5,1.69,11.27,4056489232278,Sredstva za èišæenje,1.69
Slatko-kiseli umak ,0161839,0.36,330ml,Staklo,Vitasia,2.19,5.92,4056489425038,Hrana,2.19
Premium punjena tjestenina SK9,0161923,0.25,250g,Vrecica,Deluxe,2.29,9.16,4056489113850,Hrana,2.29
Namaz od pistacija,6209338,0.35,350g,Staklo,Deluxe,4.66,13.31,4056489541851,Hrana,4.66
Karamelizirani orašasti plodovi SK2,6209670,0.13,"120g,150g",Vrecica,Eridanous,1.69,14.08,4056489603030,Hrana,1.59
Tzatziki salata,6211297,1,1kg,Atmos-Pakiranje,Eridanous,3.69,3.69,4056489906131,Hrana,3.69
Punjeni keksi UTZ SK1,6211539,0.15,150g,Kart. na prekl.,Eridanous,1.39,9.27,4056489907145,Hrana,1.39
Zelene masline s košticama,6212430,0.5,500g,Vakumir. pakov.,Eridanous,3.49,6.98,4335619098435,Hrana,3.06
"Žute mahune, duboko smrznute",6400610,1,1kg,Vrecica,Freshona,2.35,2.35,20165383,Hrana,2.39
Pržene suncokretove sjemenke,6400716,0.2,200g,Vrecica,Alesto,0.89,4.45,20350444,Hrana,0.89
Kukuruzni snack s okusom èilija,6400718,0.07,70g,Vrecica,Alesto,0.69,9.86,20504748,Hrana,0.69
Kukuruzni snack s okusom èilija,6400718,0.07,70g,Vrecica,Alesto,0.69,9.86,20949204,Hrana,0.69
Pureæe meso za gulaš,6401069,0.5,500g,Atmos-Pakiranje,-,3.99,7.98,4056489336907,Hrana,3.99
Posebna salama od svinjskog mesa,6401153,0.5,500g,Stanga,Baroni,2.35,4.7,20412388,Hrana,2.35
Mineralna voda negazirana,6401319,2,2l,PET-Boca,Saguaro,0.49,0.25,4056489830221,Piæe,0.49
Panirani sir trapist,6401588,0.5,500g,Vrecica,Culinea,3.99,7.98,4056489157731,Hrana,3.99
'z bregov Kiselo vrhnje 25% m.m,6906240,0.9,900g,Kanta,,4.49,4.99,3850108036411,Hrana,4.49
DAR Napitak od zobi,6906245,1,1l,Pakovanje,,2.05,2.05,3850108028027,Hrana,2.05
Forum Orgo Vege Burger-crni gr.cur.,6906348,0.2,200g,Kart. na prekl.,,1.89,9.45,3859893778629,Hrana,1.89
"Jaja iz podnog uzgoja, razred M",6906363,1.044,18komad,Pakovanje,Okusi zavièaja,4.39,0.24,4056489610618,Hrana,4.19
"Jaja iz podnog uzgoja, razred M",6906363,1.044,18komad,Pakovanje,Okusi zavièaja,4.39,0.24,4056489610663,Hrana,4.19
Toaletni papir XXL 3-sloja,6906365,1.786,24x120Blatt,Pakovanje,Floralys,4.91,0.2,4056489317531,Proizvodi za kuæanstvo,4.91
Braun Epilator,0397210,0.279,1ST,Pakovanje,,15,15,4210201048640,Kozmetika,15
Sladoled Triple SK2,0137318,0.308,4x130ml,Kart. na prekl.,Bon Gelati,2.79,5.37,20092061,Hrana,2.79
Sladoled štapiæ bijela èok.-badem,0137327,0.095,120ml,Pakovanje,Gelatelli,0.99,8.25,20092115,Hrana,0.99
TK Smoothies SK6,0137844,0.45,450g,Vrecica,-,2.98,6.62,20884161,Hrana,2.98
Tjestenina iz bronèanog kalupa SK1,0137932,0.5,500g,Vrecica,Combino,1.19,2.38,20104054,Hrana,1.19
Eau de Parfum,0137964,0.2,50ml,Kart. na prekl.,Suddenly,4.64,92.8,20104368,Kozmetika,4.64
"Bio kašica povræe, tjes. i puretina",0138002,0.25,250g,Staklo,Lupilu,1.29,5.16,20995867,Hrana,1.29
"Bio kašica šunka, tjest. i mrkva ",0138004,0.25,250g,Staklo,Lupilu,1.29,5.16,4056489882251,Hrana,1.29
"Bio kašica pov., tjest. s vrhnjem ",0138005,0.25,250g,Staklo,Lupilu,1.29,5.16,20995898,Hrana,1.29
Bio dj. kašica špageti i bolonjez,0138009,0.22,220g,Staklo,Lupilu,1.09,4.95,4056489882244,Hrana,1.09
Djeèje pelene za novoroðenèe,0138081,0.45,24komad,Pakovanje,Lupilu,3.19,0.13,4056489352235,Proizvodi za kuæanstvo,3.19
Djeèje pelene mini,0138082,0.89,42komad,Pakovanje,Lupilu,4.75,0.11,4056489352761,Proizvodi za kuæanstvo,4.75
Djeèje pelene midi,0138084,1.47,56komad,Pakovanje,Lupilu,6.79,0.12,20112288,Proizvodi za kuæanstvo,6.79
Djeèje pelene maxi,0138085,1.52,50komad,Pakovanje,Lupilu,6.75,0.14,20112295,Proizvodi za kuæanstvo,6.75
Zaèini za kolaèe SK1,0138251,0.025,25g,Vrecica,Belbake,0.99,0.99,4056489005728,Hrana,0.99
Lasagne Bolognese XXL,0138704,2,2kg,Plitica,Culinea,7.49,3.75,4056489007043,Hrana,7.49
Suha hrana za pse SK4,0138813,1.5,"1,5kg",Vrecica,Orlando Gourmet,2.39,1.59,20136093,Proizvodi za kuæanstvo,2.39
Kobasica SK2,0138902,0.275,"250g,300g",Atmos-Pakiranje,Grillmeister,3.29,10.97,20137083,Hrana,3.29
Kobasica SK2,0138902,0.275,"250g,300g",Atmos-Pakiranje,Grillmeister,3.29,13.16,4056489141754,Hrana,3.29
Bio Chia sjemenke,0139011,0.3,300g,Vrecica,Golden Sun,2.75,9.17,4056489762959,Hrana,2.75
Losos u lisnatom tijestu SK1,0139243,0.7,700g,Kart. na prekl.,Deluxe,9.99,14.27,20158330,Hrana,9.99
Luèice 50 komada,7304803,0.64,50komad,Rasuto,,4.79,0.1,3830012524464,Proizvodi za kuæanstvo,4.79
PP Pureæa kobasica,7307013,0.5,500g,Stanga,,1.49,2.98,3850220151757,Hrana,1.49
Paloma WC papir Exclusive XXL,7307373,1.18,20komad,Pakovanje,,3.99,0.2,3838952034005,Proizvodi za kuæanstvo,3.99
Dimljena lopatica s kožom u mreži,7308705,1,ca.600g,Vakumir. pakov.,,4.85,4.85,2274760000000,Hrana,4.85
Dimljena lopatica s kožom u mreži,7308705,1,ca.600g,Vakumir. pakov.,,4.85,4.85,2800356000000,Hrana,4.85
Dimljena lopatica s kožom u mreži,7308705,1,ca.600g,Vakumir. pakov.,,4.85,4.85,2800359000000,Hrana,4.85
Èokoladni mousse SK1,7400132,0.4,400g,Plitica,Deluxe,4.59,11.48,20506391,Hrana,4.59
Chocolate Truffles SK3,7401994,0.2,200g,Pakovanje,J.D. Gross,2.49,12.45,20430467,Hrana,2.49
Svježi macaronsi,7404704,0.144,12x12g,Blister,Deluxe,3.49,24.24,4056489048824,Hrana,3.49
Torta od sira SK2,7405898,0.165,"2x80g,2x85g",Kart. na prekl.,Deluxe,3.11,18.29,4056489215134,Hrana,3.11
Cheesecake zillionaire/limun SK1,7405900,0.18,2x90g,Kart. na prekl.,Deluxe,2.59,14.39,4056489215158,Hrana,2.59
Desert u èaši od èokolade SK1,7406620,0.12,2x60g,Staklo,Deluxe,2.59,21.58,4056489491644,Hrana,2.59
Desert u èaši od èokolade SK1,7406620,0.12,2x60g,Staklo,Deluxe,2.59,21.58,4056489491651,Hrana,2.59
Izbor èokolada SK8,0002837,0.2,200g,Pakovanje,J.D. Gross,5.69,28.45,20186999,Hrana,5.69
Schogetten SK92,0002838,0.1,100g,Tabla,,1.29,12.9,4000415040109,Hrana,1.29
Schogetten SK92,0002838,0.1,100g,Tabla,,1.29,12.9,4000415068004,Hrana,1.29
Schogetten SK92,0002838,0.1,100g,Tabla,,1.29,12.9,4000415856601,Hrana,1.29
Schogetten SK92,0002838,0.1,100g,Tabla,,1.29,12.9,4000607090004,Hrana,1.29
Schogetten SK92,0002838,0.1,100g,Tabla,,1.29,12.9,4000607162305,Hrana,1.29
Schogetten SK92,0002838,0.1,100g,Tabla,,1.29,12.9,4000607851001,Hrana,1.29
Schogetten SK92,0002838,0.1,100g,Tabla,,1.29,12.9,4000607854705,Hrana,1.29
Schogetten SK92,0002838,0.1,100g,Tabla,,1.29,12.9,4000607993008,Hrana,1.29
Kinder Surprise,0002847,0.02,20g,Pakovanje,,1.49,1.49,80050049,Hrana,1.49
Praline punjene vinjakom,0002864,0.25,250g,Kart. na prekl.,Alte Excellenz,3.29,13.16,20005962,Hrana,3.49
Sjajilo za ispiranje posuða,0151573,1.018,1l,PET-Boca,W5,1.89,1.89,4056489559580,Sredstva za èišæenje,1.89
Osvježivaè prostora SK4,0151608,0.295,300ml,Limenka,W5,0.85,2.83,4056489226796,Sredstva za èišæenje,1.19
Osvježivaè WC školjke,0151821,0.2,4x50g,Blister,W5,1.39,6.95,4056489232797,Sredstva za èišæenje,1.39
Premium Vodka 42%/40% Vol. SK1,0152018,0.662,"0,7l",Boca,,8.99,12.84,4056489234791,Piæe,8.99
Mješavina orašastih plodova SK5,0152058,0.2,200g,Samost.vreca,Alesto,3.99,19.95,20772970,Hrana,3.99
Mix orašastih plodova,0152061,0.06,60g,Vrecica,Alesto,1.19,19.83,20559595,Hrana,1.19
Kolaè sa šljivama,0152814,0.3,300g,Blister,,2.69,8.97,4260353583735,Hrana,2.69
"MSC Tuna steak u vl. soku, OM 150g",0152887,0.195,195g,Limenka,Nixe,2.39,15.93,4056489254683,Hrana,2.39
Grèka predjela,0153181,0.15,150g,Plitica,Chef Select,2.39,15.93,4056489241898,Hrana,2.39
Grèka predjela,0153181,0.15,150g,Plitica,Chef Select,2.39,15.93,4056489241966,Hrana,2.39
Tuna u maslinovom ulju,0153390,0.21,3x70g,Limenka,Nixe,2.99,19.17,4056489262275,Hrana,2.99
Vreæica velika 80% Recyceit Ecoloop,0153586,0.029,1komad,Nepakirano,-,0.15,0.15,4056489267249,Proizvodi za kuæanstvo,0.15
Mini Mix sladoled XXL,0153647,0.608,16x50ml,Kart. na prekl.,Bon Gelati,6.39,7.99,4056489375166,Hrana,6.39
Toaletna voda za muškarce SK5,0153751,0.063,75ml,Kart. na prekl.,G. Bellini,6.49,86.53,4056489545590,Kozmetika,6.49
Kozji sir SK2,0169128,0.1,100g,Pakovanje,Duc de Coeur,2.1,21,4056489679233,Hrana,2.1
Grickalice za pse SK6,0169319,0.14,"105g,135g,180g",Vrecica,Orlando,0.89,8.48,4056489333609,Proizvodi za kuæanstvo,0.89
Grickalice za pse SK6,0169319,0.14,"105g,135g,180g",Vrecica,Orlando,0.89,4.94,4056489333623,Proizvodi za kuæanstvo,0.89
Tekuæi snack za maèke 7x16g,0074306,0.112,112g,Pakovanje,Coshida,1.69,15.09,20399535,Proizvodi za kuæanstvo,1.69
Marakuja Cheesecake,0174413,0.45,450g,Kart. na prekl.,Confiserie Firenze,2.99,6.64,4056489616764,Hrana,2.99
Preljev za sladoled SK3,0174718,0.259,225ml,Boca,Gelatelli,2.19,9.73,20184926,Hrana,2.19
Cappuccino Sticks SK22,0174748,0.156,"142g,170g",Kart. na prekl.,Bellarom,1.79,12.61,4056489618744,Piæe,1.79
"Vital pileæi Nuggets, panirani SK1",0175003,0.5,500g,Kart. na prekl.,Culinea,6.49,12.98,4056489620600,Hrana,6.49
Dj. vodeni sladoled SK12,0175604,0.696,6x110ml,Kart. na prekl.,Bon Gelati,3.19,4.83,4056489542759,Hrana,3.19
Ketchup sa zaèinima,0176178,0.55,500ml,PET-Boca,Kania,1.99,3.98,4056489865223,Hrana,1.99
Svježi sok od jabuke i manga 15%,0176258,1.045,1l,PET-Boca,Solevita,2.39,2.39,4304493268630,Hrana,2.39
Deterdžent za pranje posuða XXL SK1,0176452,3.06,3l,PET-Boca,W5,2.99,1,4056489799047,Sredstva za èišæenje,2.99
Žitne školjkice s èokoladom,0176595,0.5,500g,Vrecica,Crownfield,1.99,3.98,4056489654216,Hrana,1.99
Žitne kuglice s èokoladom,0176596,0.5,500g,Vrecica,Crownfield,1.99,3.98,4056489654223,Hrana,1.99
Lak za nokte Cocktail SK2,0177036,0.01,11ml,Pakovanje,Cien Beauty,1.29,117.27,4056489430902,Kozmetika,1.29
Lak za nokte Cocktail SK2,0177036,0.01,11ml,Pakovanje,Cien Beauty,1.29,117.27,4056489430919,Kozmetika,1.29
Delikatesna pašteta,0178429,0.15,150g,Vrecica,Deluxe,1.29,8.6,20320386,Hrana,1.29
Francuska kobasica SK1,0178673,0.1,100g,Atmos-Pakiranje,French Style,1.99,19.9,4056489672142,Hrana,1.99
Francuska kobasica SK1,0178673,0.1,100g,Atmos-Pakiranje,French Style,1.99,19.9,4056489672159,Hrana,1.99
Hrskavi muesli XXL SK2,0178772,1,1kg,Kart. na prekl.,Crownfield,4.99,4.99,4056489665847,Hrana,4.99
Hrskavi muesli XXL SK2,0178772,1,1kg,Kart. na prekl.,Crownfield,4.99,4.99,4056489665854,Hrana,4.99
Latte Sticks SK24,0179046,0.166,"148g,184g",Kart. na prekl.,Bellarom,1.79,12.09,4335619063471,Piæe,1.79
Latte Sticks SK24,0179046,0.166,"148g,184g",Kart. na prekl.,Bellarom,1.79,12.09,4335619063488,Piæe,1.79
Ledo Kontiki sladoled štapiæ,6905584,0.264,4x70ml,Kart. na prekl.,,3.99,14.25,3850116066394,Hrana,3.99
Colgate Pasta za zube Max White SK2,6905610,0.128,75ml,Tuba,,3.95,52.67,8718951250017,Kozmetika,3.95
Leæevaèki tvrdi kravlji sir,6905615,0.3,300g,Vakumir. pakov.,Okusi zavièaja,5.69,18.97,4056489316565,Hrana,5.69
Plidenta Pasta za zube SK1,6905645,0.095,75ml,Pakovanje,,2.09,27.87,3856007907975,Kozmetika,2.09
Plidenta Pasta za zube SK1,6905645,0.095,75ml,Pakovanje,,2.09,27.87,3856007908057,Kozmetika,2.09
Jana Ledeni èaj limun bijeli èaj ,6905689,1.53,"1,5l",PET-Boca,,1.35,0.9,3858890876635,Piæe,1.35
Kraš PreKrašni Kol. sa pun. od viš.,6905699,0.22,220g,Vrecica,,1.89,8.59,3870450002117,Hrana,1.89
Neopitroid prah,6905726,0.1,100g,Pakovanje,,2.99,29.9,3859894035011,Proizvodi za kuæanstvo,2.99
Buèino ulje 100%,6905742,0.25,250ml,Boca,Okusi zavièaja,4.39,17.56,4056489317173,Hrana,4.39
PP Pileæa krilca Texas,6905744,0.5,500g,Atmos-Pakiranje,,4.19,8.38,3838977041439,Hrana,4.19
BO Pecivo lepinja,6905787,0.12,120g,Rasuto,,0.39,3.25,3859893442193,Hrana,0.39
Braun Aparat za šišanje,0392974,0.237,1ST,Pakovanje,,15,15,4210201282112,Kozmetika,15
Aparat za brijanje,0390153,0.288,1ST,Pakovanje,Silvercrest Personal Care,15,15,4055332007612,Kozmetika,15
Punjeni njoki SK8,6001374,0.5,500g,Plitica,Deluxe,2.39,4.78,20450281,Hrana,2.39
Gotova jela tjestenina SK1,6001772,0.175,175g,Vrecica,Kania,1.69,9.66,20623999,Hrana,1.69
Trake za depilaciju tijela/bikini ,6002387,0.086,30komad,Kart. na prekl.,Cien,0.79,0.03,20968632,Kozmetika,1.99
Visokokvalitetni namaz SK2,6002491,0.19,190g,Staklo,Mister Choc,1.99,10.47,20569624,Hrana,1.99
Svježi medaljoni od povræa SK1,6003029,0.25,250g,Atmos-Posudica,Vemondo,2.59,10.36,20685805,Hrana,2.59
Tjestenina s brokulom,6003219,0.5,500g,Vrecica,Italiamo,2.99,5.98,20634377,Hrana,2.99
Bruschette SK1,6003784,0.15,150g,Vrecica,Italiamo,1.79,11.93,20456733,Hrana,1.79
Burrata di Bufala,6005583,0.125,125g,Posudica,Deluxe,2.29,18.32,20970376,Hrana,2.29
Bezglutenska pizza sa šunkom,6006799,0.32,320g,Kart. na prekl.,Trattoria Alfredo,3.99,12.47,20052508,Hrana,3.99
Bio njoki,6006917,0.4,400g,Pakovanje,Chef Select,1.59,3.98,20052973,Hrana,1.59
Èajno pecivo,6008226,0.4,400g,Vrecica,Sondey,1.79,4.48,20264680,Hrana,1.79
Chorizo extra Sarta salama SK2,5701702,0.2,200g,Atmos-Pakiranje,Sol&Mar,2.69,13.45,20645083,Hrana,2.69
Osvježivaè za auto SK1,5702896,0.005,6ml,Boca,W5,1.29,215,20037529,Sredstva za èišæenje,1.29
Napitak od lješnjaka,5705669,1.013,1l,Pakovanje,Vemondo,1.69,1.69,20879983,Hrana,1.69
Turón Fuet SK4,5706368,0.16,160g,Atmos-Pakiranje,Deluxe,1.99,12.44,4056489511274,Hrana,1.99
Turón Fuet SK4,5706368,0.16,160g,Atmos-Pakiranje,Deluxe,1.99,12.44,4056489871460,Hrana,1.99
Bezalkoholno piæe od jagode SK1,5706633,0.765,750ml,PET-Boca,Solevita,2.29,3.05,4304493260054,Hrana,2.29
Podravka Alpska juha,6906372,0.064,64g,Vrecica,,1.39,21.72,3850104295218,Hrana,1.39
Vreæe za smeæe 120l,6906382,0.396,10komad,Traka,Purio,1.49,0.15,4056489317562,Proizvodi za kuæanstvo,1.49
Nivea Men Cr. Styl.Gel za kosu SK1,6906400,0.15,150ml,Tuba,,5.79,38.6,9005800318325,Kozmetika,5.79
Nivea Gel za tuširanje SK1,6906406,0.25,250ml,PET-Boca,,2.99,11.96,4005808780723,Kozmetika,2.99
Nivea Gel za tuširanje SK1,6906406,0.25,250ml,PET-Boca,,2.99,11.96,4005808782581,Kozmetika,2.99
Nivea Gel za tuširanje SK1,6906406,0.25,250ml,PET-Boca,,2.99,11.96,9005800223025,Kozmetika,2.99
Nivea Dezodorans SK1,6906413,0.092,150ml,Limenka,,3.95,26.33,4005808727056,Kozmetika,3.95
Nivea Dezodorans SK1,6906413,0.092,150ml,Limenka,,3.95,26.33,9005800365749,Kozmetika,3.95
Somersby Mango Cider,6906415,0.5,"0,5l",Limenka,,1.69,3.38,3858887584185,Piæe,1.69
Ljetni stakloper,6906433,5.05,5l,PET-Boca,,1.89,0.38,3858891544601,Proizvodi za kuæanstvo,1.89
Nila Mixed Happy Color 68 pranja,6906442,3.796,"3,7l",PET-Boca,,4.99,1.35,3850105185914,Sredstva za èišæenje,4.99
Sunce Vinkovaca Hl. preš. sunc.ulje,6906452,0.96,1l,Boca,,1.99,1.99,3857500104311,Hrana,2.19
Cedevita instant napitak SK1,6906472,0.455,455g,Vrecica,,3.95,8.68,3850322014929,Piæe,4.19
Cedevita Instant napitak SK1,6906479,0.9,900g,Pakovanje,,6.39,7.1,3850322015025,Piæe,6.39
Cedevita Instant napitak SK1,6906479,0.9,900g,Pakovanje,,6.39,7.1,3850322015063,Piæe,6.39
Mini JAP SK2,6906540,0.097,100ml,Boca,Alliance,1.19,11.9,20254797,Piæe,1.19
Agrolaguna Terra Rossa,6906542,0.75,"0,75l",Boca,,7.55,10.07,3858881194151,Piæe,7.55
Pro Sport Izotonik Napitak Lim.Gre.,6906598,0.77,"0,75l",PET-Boca,,1.55,2.07,3858884601830,Piæe,1.55
"Le Coq Cocktail T-Quila Sunrise 4,7",6906617,0.33,"0,33l",Boca,,1.19,3.61,4740098002970,Piæe,1.15
Tvrdi sir dozreli u vinu Teran,6906632,0.3,300g,Vakumir. pakov.,Deluxe,7.19,23.97,4052917563563,Hrana,7.19
Dukat voæni jogurt jagoda,6906653,1,1kg,PET-Boca,,1.99,1.99,3850354016045,Hrana,1.99
Hippis BIO Pouch jab/ban/mal/žit,6906991,0.1,100g,Vrecica,,1.35,13.5,4062300278608,Hrana,1.35
Toaletni papir Floralys 3sl.,6907009,1.195,10x200Blatt,Pakovanje,Floralys,2.99,0.3,4056489611301,Proizvodi za kuæanstvo,2.99
Trapist,6907024,0.5,500g,Vakumir. pakov.,,3.99,7.98,3859894087003,Hrana,3.99
BADEL Domaæi 35%,6907061,0.1,"0,1l",Staklo,,1.69,16.9,3850112145147,Piæe,1.69
Svježa gacka pastrva,6907065,0.55,550g,Atmos-Pakiranje,Naša ribarnica,5.2,9.45,4056489611400,Hrana,5.69
Cekin Pileæa hrenovka classic,6907071,1,1000g,Vakumir. pakov.,,2.69,2.69,3850159120053,Hrana,2.69
Pekmez od šljiva,6907109,0.63,630g,Staklo,Okusi zavièaja,2.79,4.43,4056489611509,Hrana,2.79
Lasta Krem štapiæi bijela èokolada,6907122,0.2,200g,Pakovanje,,1.85,9.25,3870128032071,Hrana,1.85
Arf Cream Tekuæi abraziv SK1,6907145,0.4,400ml,PET-Boca,,1.89,4.73,3850105181626,Sredstva za èišæenje,2.15
Sirup naranèa light,6907158,1.003,1l,PET-Boca,-,1.29,1.29,4304493260184,Piæe,1.29
Ferrero Nutella keksi punj. Nutell.,6907164,0.041,"41,4g",Pakovanje,,0.85,20.53,8000500359358,Hrana,0.85
Ferrero Duplo Chocnut,6907165,0.026,26g,Pakovanje,,0.85,32.69,80052357,Hrana,0.85
Dove Dezodorans SK1,6907175,0.15,150ml,Pakovanje,,5.19,34.6,8720181284335,Kozmetika,5.35
Dove Dezodorans SK1,6907175,0.15,150ml,Pakovanje,,5.19,34.6,8720181291623,Kozmetika,5.35
Sredstvo za èišæenje podova,6907203,1.006,1l,PET-Boca,-,1.19,1.19,4056489611639,Sredstva za èišæenje,1.19
Papirnate maramice 3-sloja 10x10kom,6907216,0.19,1komad,Pakovanje,Floralys,0.99,0.99,4056489611660,Proizvodi za kuæanstvo,0.99
Ekos Dunavski valovi,6907243,0.48,480g,Pakovanje,,3.99,8.31,3858889618406,Hrana,3.99
"Križevaèka mljekara Trajno m. 2,8%",6907251,1,1l,Pakovanje,,0.69,0.69,3859893374081,Hrana,0.69
Dipterol Krema nakon uboda,6907279,0.05,50ml,Pakovanje,,5.49,109.8,3856007910883,Proizvodi za kuæanstvo,5.49
Jamnica Gazirana mineralna voda,6907283,9,"6x1,5l",PET-Boca,,5.49,0.61,3858890879216,Piæe,5.49
Sok od naranèe 100%,6407894,0.2,"0,2l",Pakovanje,Solevita,0.65,3.25,4056489158790,Piæe,0.65
Vitaminska voda Magnezij+Vit. B,6408871,0.75,"0,75l",Boca,-,0.79,1.05,4056489272441,Piæe,0.79
Mozzarella ribana bez laktoze,6410714,0.2,200g,Atmos-Pakiranje,Pilos,1.99,9.95,4056489500094,Hrana,1.99
Goldenfood File paèjih prsa,6410893,1,"cca. 0,4-0,6kg",Vakumir. pakov.,,9.99,9.99,2898035000000,Hrana,9.99
Goldenfood Svj. paèji batak-zabatak,6410895,1,"cca. 0,4-0,6kg",Vakumir. pakov.,,8.99,8.99,2898054000000,Hrana,8.99
"Sjem. suncokreta, nesoljene, ogulj.",6412865,0.2,200g,Vrecica,Alesto,0.69,3.45,4056489668565,Hrana,0.69
Kolutiæi od luka panirani,6600639,0.45,450g,Vrecica,MCENNEDY,1.89,4.2,20060039,Hrana,1.89
Amerièki sladoled SK16,6601570,0.43,"485ml,500ml",Posudica,Gelatelli,3.99,8.23,20396176,Hrana,3.99
Amerièki sladoled SK16,6601570,0.43,"485ml,500ml",Posudica,Gelatelli,3.99,7.98,20559670,Hrana,3.99
Keksi sa sirom SK2,6608218,0.075,75g,Pakovanje,Deluxe,1.25,16.67,4056489626084,Hrana,1.25
Mini Amerièki sladoled SK1,6608650,0.114,150ml,Posudica,Gelatelli,1.79,11.93,4056489374633,Hrana,1.79
Veganski sir u listiæima SK1,6612647,0.15,150g,Pakovanje,Vemondo,1.99,13.27,4056489978084,Hrana,1.99
Veganski sir u listiæima SK1,6612647,0.15,150g,Pakovanje,Vemondo,1.99,13.27,4056489978107,Hrana,1.99
Kikiriki èokoladni draže SK1,6612902,0.2,200g,Pakovanje,Alesto,1.99,9.95,4335619041929,Hrana,1.99
"Pink Gin 37,5% Vol.",0146765,0.72,"0,7l",Boca,Castelgy,7.99,11.41,4056489110590,Piæe,7.99
Èokoladni komadiæi SK4,0147053,0.1,100g,Kart. na prekl.,Belbake,1.69,16.9,405648911785,Hrana,1.69
MSC Riblji oblici u panadi,0147742,0.4,400g,Vrecica,Ocean Sea,2.89,7.23,4056489141082,Hrana,2.89
"Mars,Snickers,Twix,Bou.Minis SK2",0147829,0.275,275g,Vrecica,,3.59,13.05,5000159474054,Hrana,3.59
"Svježi filet lososa, cca.1kg",0148255,1,cca.1kg,Vakumir. pakov.,,13.99,13.99,2868842000000,Hrana,13.49
"Svježi filet lososa, cca.1kg",0148255,1,cca.1kg,Vakumir. pakov.,,13.99,13.99,2868847000000,Hrana,13.49
"Svježi filet lososa, cca.1kg",0148255,1,cca.1kg,Vakumir. pakov.,,13.99,13.99,2869222000000,Hrana,13.49
"Svježi filet lososa, cca.1kg",0148255,1,cca.1kg,Vakumir. pakov.,,13.99,13.99,2869226000000,Hrana,13.49
"Svježi filet lososa, cca.1kg",0148255,1,cca.1kg,Vakumir. pakov.,,13.99,13.99,2869229000000,Hrana,13.49
Èaj u piramida vreæicama UTZ SK36,0143058,0.036,"20x1,6g,20x2g",Kart. na prekl.,Lord Nelson,1.99,1.99,20410308,Piæe,1.99
Papirnati tanjuri,0143122,0.19,10komad,Pakovanje,Grillmeister,1.99,0.2,4335619171565,Proizvodi za kuæanstvo,1.99
Choco Nussa To Go ,0143271,0.105,105g,Pakovanje,Sondey,1.89,18,4056489025658,Hrana,1.89
Pan. pil. innerfile Cornf. panada,6904316,1,ca.500g,Atmos-Posudica,Gourmet,9.25,9.25,2835163000000,Hrana,9.25
Panirani pileæi odrezak,6904317,0.2,200g,Atmos-Posudica,Gourmet,2.49,12.45,4056489316893,Hrana,2.19
Cedevita Fresh naranèa,6904319,0.34,340ml,PET-Boca,,1.12,3.29,3850322013366,Piæe,1.12
BO Domaæa pogaèa,6904332,0.3,300g,Rasuto,,0.99,3.3,4056489074595,Hrana,0.99
Istarski tvrdi sir,6904337,0.3,300g,Vakumir. pakov.,Okusi zavièaja,5.99,19.97,4056489074601,Hrana,5.99
Mozzarella u komadu XXL,6904356,0.7,700g,Vakumir. pakov.,,4.79,6.84,3830056401400,Hrana,4.79
Cedevita Fresh SK1,6904371,0.34,340ml,PET-Boca,,1.12,3.29,3850322016565,Piæe,1.12
"Svježe pile, cca. 2kg",6904372,1,ca. 2kg,Vrecica,,3.19,3.19,2146208000000,Hrana,3.19
"Dimljena šunka s kosti, cca. 6kg",6904437,6,ca. 6kg,Vakumir. pakov.,Pikok,4.89,4.89,2845193000000,Hrana,4.89
"Dimljena šunka s kosti, cca. 6kg",6904437,6,ca. 6kg,Vakumir. pakov.,Pikok,4.89,4.89,2851980000000,Hrana,4.89
"Dimljena lopatica s kosti, cca. 5kg",6904438,1,ca.5 kg,Vakumir. pakov.,Pikok,4.65,4.65,2851990000000,Hrana,4.65
PPK Tirolska kobasica,6904440,0.8,800g,Stanga,,4.99,6.24,3858884997995,Hrana,4.19
Talijanski desert SK1,0133222,0.34,"4x80g,4x90g",Pakovanje,Milbona,2.79,0.78,40879062,Hrana,2.79
Euka-Mentol bomboni,0133241,0.3,300g,Vrecica,Amanie,1.19,3.97,40879260,Hrana,1.19
Sladoled štapiæi,0133318,0.25,"6x51ml,6x53ml,6x50ml",Kart. na prekl.,Gelatelli,2.34,7.36,4056489814849,Hrana,Nije_bilo_u_prodaji_02.05.2025
Sladoled štapiæi,0133318,0.25,"6x51ml,6x53ml,6x50ml",Kart. na prekl.,Gelatelli,2.34,7.8,4056489814870,Hrana,Nije_bilo_u_prodaji_02.05.2025
Sladoled štapiæi,0133318,0.25,"6x51ml,6x53ml,6x50ml",Kart. na prekl.,Gelatelli,2.34,7.36,4056489814870,Hrana,Nije_bilo_u_prodaji_02.05.2025
Hrana za maèke SK2,0133603,0.34,4x85g,Kart. na prekl.,Coshida Pure Taste,2.19,6.44,20303747,Proizvodi za kuæanstvo,2.19
Sprej za sunèanje ZF 30,0134608,0.201,200ml,Boca,Cien Sun,5.99,29.95,4335619130548,Kozmetika,5.99
Prosecco Spumante Magnum,0134690,1.5,"1,5l",Boca,Allini,9.99,6.66,40898476,Piæe,9.99
Njega za pranje beba SK5,0135048,0.511,500ml,PET-Boca,Lupilu,2.25,4.5,4056489233107,Kozmetika,2.25
Zaštitna krema za bebe SK1  ,0135052,0.103,100ml,Tuba,Lupilu,2.25,22.5,4056489241829,Kozmetika,2.25
Podravka Smeði grah,6906766,0.8,800g,Limenka,,2.19,2.74,3850104025389,Hrana,2.19
Ukrasna vreæica 32x26x12cm,6906786,0.08,1komad,Pakovanje,,1.45,1.45,3856023028937,Proizvodi za kuæanstvo,1.45
Ukrasna vreæica 32x26x12cm,6906786,0.08,1komad,Pakovanje,,1.45,1.45,3856023029194,Proizvodi za kuæanstvo,1.45
Ukrasna vreæica vinska 39x12x9cm,6906787,0.045,1komad,Pakovanje,,1.25,1.25,3856023027824,Proizvodi za kuæanstvo,1.25
Ukrasna vreæica vinska 39x12x9cm,6906787,0.045,1komad,Pakovanje,,1.25,1.25,3856023027831,Proizvodi za kuæanstvo,1.25
Petit keks XXL,6906833,2,2000g,Pakovanje,Sondey,3.69,1.85,4056489611141,Hrana,3.69
Boom Box Zobena kaša granola/èoko,6906858,0.3,300g,Pakovanje,,3.49,11.63,3858890478372,Hrana,3.49
Cappuccino (RFA) SK2,6906884,0.2,200g,Vrecica,Bellarom,1.99,9.95,4056489611875,Piæe,1.99
Violeta Papirnati ruènik Maxi rola,6906917,0.485,1komad,Pakovanje,,2.49,2.49,3858893660620,Proizvodi za kuæanstvo,2.49
Violeta Baby vlažne maramice SC,6906918,1.159,3x56Blatt,Pakovanje,,4.29,0.03,3870128018198,Proizvodi za kuæanstvo,4.29
Kakao UTZ,5523499,0.2,200g,Kart. na prekl.,Belbake,2.69,13.45,4056489061267,Hrana,2.69
Pileæi mini file s umakom,5523894,0.4,400g,Kart. na prekl.,-,4.49,11.23,5902487122488,Hrana,4.49
Karamele s vrhnjem ,5525738,0.3,300g,Pakovanje,Sweet Corner,1.85,6.17,4056489185338,Hrana,1.85
Balviten Hamburger pecivo (2x70g),5526354,0.14,140g,Pakovanje,,1.49,10.64,5907653104725,Hrana,1.49
Vafli s kremom od kikirikija RFA,5528632,0.28,280g,Pakovanje,Sondey,1.55,5.54,4052917024804,Hrana,1.55
"Crni èaj Selection SK1, 40x1,5g",5528847,0.073,"40x1,5g,40x2g",Kart. na prekl.,Lord Nelson,1.19,14.88,4056489261407,Piæe,1.19
Vafli s kremom od van. Zebra RFA,5530441,0.28,280g,Pakovanje,Sondey,1.55,5.54,4056489283027,Hrana,1.55
Univ. bio. vl. maram. za èiš. SK1,5532381,0.476,80komad,Pakovanje,W5,1.99,0.02,4056489304258,Proizvodi za kuæanstvo,1.99
"Pureæi filet XXL, cca. 1-1,5 kg",5533555,1,"ca.1-1,5kg",Vakumir. pakov.,RZEZNIK,7.69,7.69,2835554000000,Hrana,7.75
"Pureæi filet XXL, cca. 1-1,5 kg",5533555,1,"ca.1-1,5kg",Vakumir. pakov.,RZEZNIK,7.69,7.69,2835558000000,Hrana,7.75
Žele od višnje/naranèe u èok. SK2,5535118,0.19,190g,Kart. na prekl.,Mister Choc,1.79,9.42,20127503,Hrana,1.79
BBQ umak SK1,5543409,0.354,"350g,355g,360g",PET-Boca,Grillmeister,1.89,5.25,4056489584605,Hrana,1.89
Svinjska potrbušina peèena,5545654,1,cca. 400g,Atmos-Posudica,Kuljanka,9.79,9.79,2848036000000,Hrana,9.79
Mlijeèna èokolada s nadjevom SK6,5545795,0.1,100g,Tabla,,1.29,12.9,5905858676276,Hrana,1.29
Roleski Bel.-taj. crveni umak SK1 ,5547064,0.315,"290g,340g",PET-Boca,,1.06,3.66,5901044028331,Hrana,1.06
Obiteljska pizza SK1,5547113,1,1kg,Pakovanje,Trattoria Alfredo,4.29,4.29,4056489623199,Hrana,4.29
High protein jogurt SK1,0187248,0.4,400g,Posudica,Milbona,1.89,4.73,4056489814788,Hrana,1.89
Zobene pahuljice,0187306,1,1kg,Vrecica,Crownfield,1.29,1.29,20983451,Hrana,1.29
Kremasti gel za tuširanje SK1,0188543,0.412,400ml,PET-Boca,Cien,0.99,2.48,4056489827146,Kozmetika,0.99
Lisnato s voæem SK2,0188589,0.252,6x42g,Pakovanje,Alpenfest,2.99,11.87,4056489833345,Hrana,2.99
Lisnato s voæem SK2,0188589,0.252,6x42g,Pakovanje,Alpenfest,2.99,11.87,4056489833352,Hrana,2.99
Muški gel za tuširanje Sommer SK2,0188610,0.412,400ml,Boca,Cien men,1.29,3.23,4056489833468,Kozmetika,1.29
Mediteranski zaèini SK2,0189653,0.027,"16g,27g,28g,30g,35g",Staklo,Italiamo,1.59,56.79,20046262,Hrana,1.59
Mediteranski zaèini SK2,0189653,0.027,"16g,27g,28g,30g,35g",Staklo,Italiamo,1.59,58.89,20046378,Hrana,1.59
Mediteranski zaèini SK2,0189653,0.027,"16g,27g,28g,30g,35g",Staklo,Italiamo,1.59,53,20046378,Hrana,1.59
Mediteranski zaèini SK2,0189653,0.027,"16g,27g,28g,30g,35g",Staklo,Italiamo,1.59,45.43,20046378,Hrana,1.59
Mediteranski zaèini SK2,0189653,0.027,"16g,27g,28g,30g,35g",Staklo,Italiamo,1.59,58.89,20046385,Hrana,1.59
"Baby blazinice, 100% pamuk",0190190,0.171,80komad,Vrecica,Lupilu,2.25,0.03,4056489848974,Proizvodi za kuæanstvo,2.25
Osvježivaè WC školjke SK2,0190620,0.099,3x33g,Blister,W5,2.45,24.75,4056489585541,Sredstva za èišæenje,2.45
Abadia Milagro DOCa Rioja,0190706,0.75,"0,75l",Boca,,2.59,3.45,8437005411807,Piæe,2.59
Desertni specijaliteti SK20,0190983,0.16,2x80g,Staklo,Deluxe,2.49,15.56,4056489758945,Hrana,2.49
Desertni specijaliteti SK20,0190983,0.16,2x80g,Staklo,Deluxe,2.49,15.56,4056489758969,Hrana,2.49
High Protein riža na mlijeku SK1,0191691,0.2,200g,Posudica,Milbona,0.99,4.95,4056489857365,Hrana,0.99
Umak sa sirom Feta SK1,0192504,0.177,175ml,Staklo,Eridanous,2.29,13.09,4056489864929,Hrana,1.9
Gumeni bomboni trešnja,0192518,0.2,200g,Vrecica,Sweet Corner,1.19,5.95,4056489865087,Hrana,1.19
Šeæerna dekoracija Uskrs SK33,0192649,0.027,"11g,12g,16g,25g,4x25g",Kart. na prekl.,Belbake,1.99,19.9,20947125,Hrana,1.99
Šeæerna dekoracija Uskrs SK33,0192649,0.027,"11g,12g,16g,25g,4x25g",Kart. na prekl.,Belbake,1.99,180.91,4056489442271,Hrana,1.99
Pizza s umakom od tartufa i šunkom,0193145,0.39,390g,Kart. na prekl.,Deluxe,3.15,8.08,20000448,Hrana,3.15
Pizza s maslinama,0193191,0.41,410g,Kart. na prekl.,Italiamo,3.39,8.27,20971168,Hrana,3.39
Zamjenske britvice,0193289,0.016,3komad,Kart. na prekl.,Cien,3.95,3.95,4056489873983,Kozmetika,3.95
Mekani sir s punjenjem SK10,0193570,0.188,"180g,195g",Pakovanje,Deluxe,2.69,14.94,20276508,Hrana,2.69
Mekani sir s punjenjem SK10,0193570,0.188,"180g,195g",Pakovanje,Deluxe,2.69,13.79,20276508,Hrana,2.69
Pizza XXL SK1,0193833,0.49,490g,Kart. na prekl.,Trattoria Alfredo,4.29,8.76,20848408,Hrana,4.29
Sušena Angus govedina,0193976,0.07,70g,Atmos-Pakiranje,Deluxe,2.14,30.57,4056489883388,Hrana,2.14
Gotova jela za tavu SK57,0194158,0.75,750g,Vrecica,Culinea,4.49,5.99,4056489127291,Hrana,4.49
High protein sir ribani 10% m.m.,0194555,0.2,200g,Pakovanje,Milbona,2.69,13.45,4056489889540,Hrana,2.69
Kobasica Salsiccia SK1,0194696,0.25,250g,Vakumir. pakov.,Deluxe,3.79,15.16,4056489890195,Hrana,3.79
Umak od Kikirikija,0194806,0.185,185g,Posudica,Vitasia,1.49,8.05,4056489893660,Hrana,1.49
Pribor za manikuru-pedikuru,0418625,0.034,"2ST,1ST",Pakovanje,Cien,3,3,4055334936552,Kozmetika,3
Univerzalna krpa od mikrovla. SK10,0085302,0.063,"2komad,3komad",Kart. na prekl.,W5,2.35,1.18,4056489754459,Proizvodi za kuæanstvo,2.35
Trolli Gumeni špageti SK2,0085374,0.225,225g,Vrecica,,1.99,8.84,4000512363835,Hrana,1.99
Svinjske mini hrenovke u lancu,0085726,0.35,350g,Atmos-Pakiranje,Alpenfest,2.99,8.54,20435035,Hrana,2.3
Èetka za kosu,0435985,0.109,1ST,Pakovanje,Cien BEAUTY,1,1,4335633000216,Kozmetika,1
"Slanina na slavonski, cca. 350g",6907887,1,ca. 350g,Vakumir. pakov.,Okusi zavièaja,18.99,18.99,2845860000000,Hrana,18.99
Prime Napitak Tropical Punch,6907947,0.53,"0,5l",PET-Boca,,2.19,4.38,4262358180490,Piæe,2.19
Podravka Pekmez šljiva,6907953,0.66,660g,Staklo,,4.49,6.8,3856020252847,Hrana,4.49
Andro Panceta,6907954,0.5,500g,Atmos-Pakiranje,,7.99,15.98,3858892822265,Hrana,7.99
Sorger Mini kobasice SK1,6907961,0.08,80g,Atmos-Pakiranje,,1.99,24.88,9002055004546,Hrana,1.99
"PP Svježe ""Meðimursko"" mar. pile",6907974,1,"ca. 1,6kg",Pakovanje,,3.69,3.69,2114383000000,Hrana,3.69
"PP Svježe ""Meðimursko"" mar. pile",6907974,1,"ca. 1,6kg",Pakovanje,,3.69,3.69,2114386000000,Hrana,3.69
Podravka Velebitski èaj,6907979,0.03,30g,Kart. na prekl.,,1.59,1.59,3856020233952,Piæe,1.59
"Spirits of Croatia Medica, 20% vol.",6907991,0.5,"0,5l",Boca,,7.49,14.98,3859894287038,Piæe,7.49
Lino Rižolino Instant pahuljice,6908005,0.15,150g,Pakovanje,,2.59,17.27,3850104017230,Hrana,2.59
Žito Jaja razred S,6908015,0.48,10komad,Pakovanje,,0.95,0.1,3859889611763,Hrana,0.95
Žito Jaja razred S,6908015,0.48,10komad,Pakovanje,,0.95,0.1,3859889711197,Hrana,0.95
Sunlove Mlijeko za tijelo,6908049,0.256,250ml,PET-Boca,,2.99,11.96,3850177003802,Kozmetika,2.99
Vlažni toaletni papir bioraz. SK1,6908062,0.27,60komad,Pakovanje,Floralys,0.99,0.02,4056489925538,Proizvodi za kuæanstvo,0.99
Dolcela Fritule,6908077,0.25,250g,Pakovanje,,1.99,7.96,3856020246570,Hrana,1.99
Parodontax Pasta za zube SK2,6908139,0.075,75ml,Tuba,,5.55,74,5054563949738,Kozmetika,5.55
Èoksa Èokolada Creamy Milk,6908144,0.068,68g,Pakovanje,,1.39,20.44,3850102001613,Hrana,1.39
PIK Vrbovec Natur trajna kobasica,6908155,0.08,80g,Atmos-Pakiranje,,1.99,24.88,3850139282160,Hrana,1.99
PIK Natur Parizer narezan,6908157,0.15,150g,Atmos-Pakiranje,,1.49,9.93,3850139282146,Hrana,1.49
Leæevaèki kravlji sir rezani SK2,6908166,0.1,100g,Vakumir. pakov.,Okusi zavièaja,2.79,27.9,4056489925620,Hrana,2.79
Crogrill Drveni briketi,6908167,5,5kg,Pakovanje,,4.99,1,3859888928114,Proizvodi za kuæanstvo,4.99
Divan Garden Danish White,6908186,0.8,800g,Limenka,,3.95,4.94,3859893493430,Hrana,3.95
Trešnja 500g,0080363,0.5,500g,Pakovanje,,4.99,9.98,3857500072115,Hrana,3.49
"Grožðe bijelo 500g, bez koštica",0080505,0.5,500g,Pakovanje,,2.19,4.38,20250263,Hrana,2.19
Jagoda u gajbici,0080806,1,1kg,Nosiljka,,5.99,5.99,20215866,Hrana,5.99
Jagoda u gajbici,0080806,1,1kg,Nosiljka,,5.99,5.99,8425697002304,Hrana,5.99
Domaæa jagoda 500g,0080810,0.5,500g,Pakovanje,,2.79,5.58,3859893696015,Hrana,2.99
Borovnica 125g,0080820,0.125,125g,Pakovanje,,1.49,11.92,4014071624238,Hrana,1.49
Borovnica 125g,0080820,0.125,125g,Pakovanje,,1.49,11.92,8718591561061,Hrana,1.49
Salata rukola,0082135,0.125,125g,Pakovanje,,0.99,7.92,3859893446283,Hrana,1.29
Salata mix,0082157,0.125,125g,Pakovanje,,0.99,7.92,20508098,Hrana,1.29
Špinat 500g,0082319,0.5,500g,Pakovanje,,1.99,3.98,20239060,Hrana,1.99
Domaæa rajèica cherry 250g,0082386,0.25,250g,Pakovanje,,2.19,8.76,20194536,Hrana,2.19
Domaæa rajèica cherry 250g,0082386,0.25,250g,Pakovanje,,2.19,8.76,3857500047359,Hrana,2.19
Rajèica mini grappolo,0082388,0.5,500g,Pakovanje,,2.49,4.98,3857500047304,Hrana,2.49
Rajèica Papeletto 400g,0082522,0.4,400g,Pakovanje,,1.79,4.48,3859889267984,Hrana,2.69
MaxxMee Ureðaj za èišæenje pora,0441114,0.21,1ST,Pakovanje,,7,7,4052926009069,Kozmetika,7
Spužvica za šminku,0441136,0.008,1ST,Pakovanje,Cien BEAUTY,0.5,0.5,4335633057951,Kozmetika,0.5
Cheddar SK4,5206760,0.225,"200g,250g",Pakovanje,Milbona,3.79,18.95,20575243,Hrana,3.79
Cheddar SK4,5206760,0.225,"200g,250g",Pakovanje,Milbona,3.79,15.16,4056489128854,Hrana,3.79
Kolaè od sira SK4,5228046,0.48,480g,Kart. na prekl.,Deluxe,6.89,14.35,4056489852896,Hrana,6.89
"Kare,narezani SK2",5300489,0.3,300g,Atmos-Pakiranje,Hatherwood,2.99,9.97,20582975,Hrana,2.99
Kobasica,5309363,0.1,100g,Pakovanje,,1.29,12.9,5099337900539,Hrana,1.29
"Slatko-kiseli umak, 250ml",5500222,0.27,270g,PET-Boca,Grill&Fun,1.99,7.37,20545222,Hrana,1.99
"Vafli s kremom od vanilije, RFA",5500247,0.28,280g,Pakovanje,Sondey,1.55,5.54,4052917062172,Hrana,1.55
Voæni èaj SK6,5500270,0.047,"20x2,1g,20x2,4g,20x2,5g",Kart. na prekl.,Lord Nelson,1.39,1.39,20498146,Piæe,1.39
Voæni èaj SK6,5500270,0.047,"20x2,1g,20x2,4g,20x2,5g",Kart. na prekl.,Lord Nelson,1.39,1.39,20498177,Piæe,1.39
Aluminijska folija 10 µ,5501064,0.144,1komad,Pakovanje,Aromata,2.29,2.29,20121327,Proizvodi za kuæanstvo,2.29
Cascaval listiæi,5501169,0.3,300g,Atmos-Posudica,Pilos,2.99,9.97,20267742,Hrana,2.99
Svježi filet pileæih prsa,6907295,1,ca. 1kg,Vakumir. pakov.,,5.65,5.65,2895141000000,Hrana,5.25
Naturel mini integralni dvopek,6907309,0.12,120g,Pakovanje,,1.39,11.58,3858889361586,Hrana,1.39
Maramice za intimnu njegu biorazg.,6907357,0.08,20komad,Pakovanje,Floralys,0.69,0.03,4056489611882,Proizvodi za kuæanstvo,0.69
Lino Pillows Nougat,6907363,0.7,700g,Vrecica,,4.59,6.56,3856020262709,Hrana,4.19
Svježa orada oèišæena,6907388,0.72,720g,Atmos-Pakiranje,Naša ribarnica,10.99,15.26,4056489611844,Hrana,10.99
Juneæa koljenica b.k.,6907398,1,ca. 700g,Atmos-Pakiranje,-,10.49,10.49,2895160000000,Hrana,12.99
Lignja oèišæena,6907468,0.4,400g,Atmos-Pakiranje,Naša ribarnica,9.99,24.98,4056489612261,Hrana,9.99
Kuhane kozice,6907486,0.25,250g,Atmos-Pakiranje,Naša ribarnica,3.59,14.36,4056489612292,Hrana,3.59
Cedevita Vitaminska voda lim/šipak,6907494,0.5,"0,5l",PET-Boca,,1.05,2.1,3850322016206,Piæe,1.05
Papirnata vreæica ,6907531,0.08,1komad,Vrecica,,0.39,0.39,3857500137609,Proizvodi za kuæanstvo,0.39
Èarli Deterdžent za posuðe SK1,6907576,0.923,900ml,Boca,,2.39,2.66,3850111304446,Sredstva za èišæenje,2.39
Istarska Èrnica Eks. dj. masl. ulje,6907651,0.2,250ml,Boca,,8.19,32.76,3859893315039,Hrana,8.19
Palmolive Tekuæi sapun SK1,6907657,0.519,500ml,Vrecica,,2.99,5.98,8003520029133,Kozmetika,2.99
Delikatess šunka,6907668,0.15,150g,Atmos-Pakiranje,Pikok,2.39,15.93,3850139283433,Hrana,2.39
Proteinska ploèica Èoko.,6907683,0.05,50g,Pakovanje,,2.49,49.8,3830081429004,Hrana,2.49
PIP Propolis Plus sprej,6907710,0.02,20ml,Pakovanje,,4.95,247.5,3858886101369,Hrana,4.95
Dorina Èokolada extra mlijeèna,6907795,0.22,220g,Pakovanje,,1.99,9.05,3850102008599,Hrana,1.99
Ecolant Papirnati lamp. ECOLANT 50h,6907858,0.2,200g,Pakovanje,,1.79,8.95,3859890458630,Proizvodi za kuæanstvo,1.79
"Vindija Choco Loco Puding, 4x125g",6901018,0.5,4x125g,Posudica,,1.85,3.7,3850108040500,Hrana,1.85
Èvarci XXL,6901026,0.3,300g,Atmos-Pakiranje,Okusi zavièaja,4.29,14.3,20661137,Hrana,4.29
BO Krafna èokolada,6901029,0.07,70g,Rasuto,,0.45,6.43,3858891070124,Hrana,0.45
Buket Pup Ruža,6901068,0.059,1komad,Pakovanje,,3.69,3.69,3858889015854,Proizvodi za kuæanstvo,3.69
"Löwenbräu Svijetlo pivo 4%, 2l",6901098,2,2l,PET-Boca,,2.68,1.34,3850131004043,Piæe,2.68
"Jaja podni uzgoj, razred M, 10 kom.",6901107,0.58,10komad,Pakovanje,Okusi zavièaja,2.39,0.24,20660994,Hrana,2.49
Nivea Body Milk SK2,6901147,0.25,250ml,Boca,,4.89,19.56,4005808247318,Kozmetika,4.89
"Svinjsko carsko sk, odrezak",6901223,0.6,600g,Atmos-Pakiranje,Naša mesnica,3.99,6.65,20661458,Hrana,3.99
Tuš za oèi SK3 ,0120329,0.006,1komad,Pakovanje,Cien Beauty,2.35,2.35,20066468,Kozmetika,2.35
Tuš za oèi SK3 ,0120329,0.006,1komad,Pakovanje,Cien Beauty,2.35,2.35,20907976,Kozmetika,2.35
Sprej za peèenje,0120538,0.178,200ml,Limenka,Belbake,2.79,13.95,20771553,Hrana,2.79
Gumeni bomboni cola,0120821,0.3,300g,Vrecica,Sweet Corner,1.79,5.97,20724085,Hrana,1.79
Kobasica SK2,0121534,0.168,"150g,180g",Vakumir. pakov.,Grillmeister,1.49,9.93,20668655,Hrana,1.49
Alkalna baterija AAA,0121965,0.115,10komad,Pakovanje,Tronic,2.25,0.23,4056489259589,Proizvodi za kuæanstvo,2.25
Èok. bomboni s mlij. punjenjem SK1,0179726,0.2,200g,Vrecica,Mister Choc,3.49,17.45,4056489697411,Hrana,3.49
Fileti haringe,0179778,0.256,256g,Pakovanje,Nautica,1.99,7.51,4056489697664,Hrana,1.99
"Ulošci s Aloe Vera, SK1",0180483,0.167,"20komad,24komad,28komad",Pakovanje,Siempre,2.09,0.07,4056489726333,Proizvodi za kuæanstvo,2.09
"Ulošci s Aloe Vera, SK1",0180483,0.167,"20komad,24komad,28komad",Pakovanje,Siempre,2.09,0.1,4056489726340,Proizvodi za kuæanstvo,2.09
Krema za tortu vanilija,0181217,0.14,140g,Vrecica,Belbake,1.69,12.07,4056489723554,Hrana,1.69
Osvj. prostora gel perle SK1,0181540,0.11,110g,Pakovanje,Air by W5,1.59,14.45,4335619105591,Sredstva za èišæenje,1.79
"Salata od mahunarki, slan. i brusn.",0181622,0.22,220g,Posudica,Chef Select,1.59,7.23,4056489730187,Hrana,1.59
Neo kakao keksi s kre. od van.,0181707,0.18,180g,Kart. na prekl.,Sondey,1.39,7.72,4056489733645,Hrana,1.29
Mlijeèna èokolada bez laktoze,0182318,0.1,100g,Pakovanje,Fin Carré,1.96,19.6,4056489745266,Hrana,1.96
Èips chilli,0182367,0.1,100g,Vrecica,Vitasia,1.59,15.9,4056489713814,Hrana,1.59
Pržena kava u zrnu SK1,0182657,0.5,500g,Vrecica,Bellarom,5.99,11.98,4056489713883,Piæe,5.99
Q10 + Vitamin C Dnevna krema SK1,0182905,0.049,50ml,Kozm.posudica,Cien,2.89,57.8,4056489638735,Kozmetika,2.89
Böhme voæne karamele,0183592,0.25,250g,Vrecica,,1.75,7,4250231162480,Hrana,2.19
Mix orašasti plodovi i voæe SK2,0183851,0.2,200g,Vrecica,Alesto Selection,2.39,11.95,20815400,Hrana,2.39
Salvete s motivima,0185222,0.15,30komad,Pakovanje,Floralys,0.85,0.03,4056489786689,Proizvodi za kuæanstvo,0.85
Marinirani kukuruz klip SK1,0185316,0.42,420g,Vakumir. pakov.,Grillmeister,2.69,6.4,4056489787358,Hrana,2.69
Sladoled SK92,0185764,0.508,1000ml,Plitica,Bon Gelati,3.49,3.49,4056489436959,Hrana,3.49
Sladoled SK92,0185764,0.508,1000ml,Plitica,Bon Gelati,3.49,3.49,4056489657163,Hrana,3.49
Instant kava Crema,0186464,0.16,160g,Staklo,Bellarom,5.15,32.19,4056489786030,Piæe,5.15
Bezglutenski keksi s limunom,0166355,0.15,150g,Kart. na prekl.,Sondey,1.99,13.27,4056489487258,Hrana,1.99
"Bavarsko svijetlo pivo 4,7% vol.",0166465,0.504,"0,5l",Limenka,Perlenbacher,0.95,1.9,4304493268517,Piæe,0.95
Super alkalne baterije AAA,0167081,0.24,20komad,Kart. na prekl.,Tronic,2.99,0.15,4056489847717,Proizvodi za kuæanstvo,2.99
Gin sa sic.naranèama 40% Vol.,0167087,1.21,"0,7l",Boca,,8.99,12.84,4056489495987,Piæe,8.99
Juha na talijanski naèin SK2,0167235,0.4,400ml,Limenka,Italiamo,1.39,3.48,20450236,Hrana,1.39
Tekuæi deterdžent (F) 30 pranja SK1,0167396,1.521,"1,5l",PET-Boca,Formil,3.59,2.39,4056489497196,Sredstva za èišæenje,3.59
Lagani snackovi SK8,0168202,0.25,250g,Pakovanje,Culinea,2.79,11.16,20652135,Hrana,2.79
Smrznuti sir za peèenje SK1,0168239,0.25,250g,Kart. na prekl.,El Tequito,2.49,9.96,20831264,Hrana,2.49
Jogurt SK17,0168449,0.175,175g,Posudica,Milbona,0.89,5.09,20422066,Hrana,0.89
Krema za ruke SK7,0168553,0.101,100ml,Tuba,Cien,1.04,10.4,4056489526711,Kozmetika,1.15
Krema za ruke SK7,0168553,0.101,100ml,Tuba,Cien,1.04,10.4,4056489526728,Kozmetika,1.15
Petit Brie,0130224,0.5,500g,Pakovanje,Duc de Coeur,5.59,11.18,20867072,Hrana,5.59
Chicken Nuggets XXL,0130338,0.475,475g,Kart. na prekl.,Chef Select,3.89,8.19,20951320,Hrana,3.89
Grickalice za pse SK1,0130809,0.16,"100g,150g,200g",Vrecica,Orlando,0.89,4.45,20971571,Proizvodi za kuæanstvo,0.89
Grickalice za pse SK1,0130809,0.16,"100g,150g,200g",Vrecica,Orlando,0.89,4.45,20971601,Proizvodi za kuæanstvo,0.89
Sanitas Set za manikuru - pedikuru,0427929,0.133,1ZSE,Pakovanje,,15,15,4211125851675,Kozmetika,15
Ridder Kozmetièko ogledalo,0435628,0.52,1ST,Pakovanje,,5,5,4006956184661,Kozmetika,5
Kozmetièko ogledalo,0435638,0.301,1ST,Pakovanje,Cien BEAUTY,3,3,4334036084526,Kozmetika,3
Tuš za usta,0435653,0.401,1ST,Pakovanje,Nevadent,10,10,4335633010192,Kozmetika,10
Remington Depilator,0435661,0.118,1ST,Pakovanje,,7,7,5038061147216,Kozmetika,7
"Franziskaner Pšenièno pivo 5,0%",6903447,0.5,"0,5l",Boca,,1.99,3.98,4072700003649,Piæe,1.99
"Paulaner Svijetlo pivo 4,9%",6903573,0.5,"0,5l",Limenka,,1.78,3.56,4066600601111,Piæe,1.78
Pik Debrecinka,6903594,0.44,440g,Vakumir. pakov.,,3.49,7.93,3850139330977,Hrana,3.49
Duracell Basic K5 SK2,6903598,0.095,5komad,Pakovanje,,6.49,1.3,5000394052444,Proizvodi za kuæanstvo,6.49
Nivea Sun P&B Ulje u spreju ZF20,6903613,0.2,200ml,PET-Boca,,15.99,79.95,4005900111296,Kozmetika,15.99
Šljivovica 38%,6903625,0.552,"0,5l",Boca,,9.95,19.9,3859890900023,Piæe,9.95
Frondi maxi nougat vafel,6903648,0.25,250g,Kart. na prekl.,,2.45,9.8,3850102011841,Hrana,2.45
President mladi kajmak,6903655,0.25,250g,Pakovanje,,3.99,15.96,8606002110895,Hrana,3.99
PP Pileæi file na štapiæu,6903660,0.4,400g,Atmos-Pakiranje,,4.49,11.23,3838977024012,Hrana,5.29
"Bacardi Carta Blanca Rum 37,5%",6903663,0.74,"0,7l",Boca,,18.02,25.74,5010677013147,Piæe,18.02
Argeta Mesna pašteta SK1,0001041,0.095,95g,Limenka,,1.29,13.58,3838471024365,Hrana,1.39
Argeta Mesna pašteta SK1,0001041,0.095,95g,Limenka,,1.29,13.58,3838471040686,Hrana,1.39
Sladoled u kornetu - èokolada,0001057,0.07,120ml,Pakovanje,Ballino,0.59,4.92,20407926,Hrana,0.59
Sušilo za kosu,0437887,0.489,1ST,Pakovanje,Silvercrest Personal Care,5,5,4335633000315,Kozmetika,5
Tekuæi deterdžent 44pr. SK4,0207266,2.237,"2,2l",PET-Boca,Formil,4.89,2.22,4335619092235,Sredstva za èišæenje,4.89
Blazinice široke,0207692,0.124,100komad,Vrecica,Cien,1.69,0.02,4335619030299,Proizvodi za kuæanstvo,1.69
Baby pelene gaæice Junior,0208358,1.27,40komad,Pakovanje,Lupilu,8.89,0.22,4335619036239,Proizvodi za kuæanstvo,8.89
Djeèje pelene junior,0208362,2.01,72komad,Pakovanje,Lupilu,10.39,0.14,4335619036277,Proizvodi za kuæanstvo,10.39
Miješani pšenièni kruh,0208456,0.5,500g,Vrecica,Tastino,0.95,1.9,4335619036710,Hrana,1.59
Riblji Tapas SK33,0208479,0.1,100g,Atmos-Posudica,El Tequito,2.49,24.9,4335619036741,Hrana,2.13
Kapsule za pranje 5 u 1,0208736,1.008,48komad,Vrecica,Formil,8.99,0.19,4335619040946,Sredstva za èišæenje,8.99
Tortilla èips SK13,0209461,0.2,200g,Vrecica,Snack Day,1.09,5.45,4335619046269,Hrana,1.09
"Tuna komadiæi u v. soku, OM: 102g",0209938,0.145,145g,Limenka,Nixe,1.09,10.69,4335619047198,Hrana,1.09
Njega lica SK1,0210714,0.118,"125ml,30ml,50ml",Sortirano,Cien,2.09,41.8,4335619061743,Kozmetika,2.09
Njega lica SK1,0210714,0.118,"125ml,30ml,50ml",Sortirano,Cien,2.09,69.67,4335619061774,Kozmetika,2.09
Njega lica SK1,0210714,0.118,"125ml,30ml,50ml",Sortirano,Cien,2.09,69.67,4335619061781,Kozmetika,2.09
Njega lica SK1,0210714,0.118,"125ml,30ml,50ml",Sortirano,Cien,2.09,16.72,4335619061781,Kozmetika,2.09
Koktel 15% SK2,0211643,0.683,"0,7l",Boca,,5.49,7.84,4304493270848,Piæe,5.49
Koktel 15% SK2,0211643,0.683,"0,7l",Boca,,5.49,7.84,4304493270862,Piæe,5.49
"Käsewelt gouda, cca.3kg",0211915,1,ca. 3kg,Pakovanje,,5.99,5.99,2824790000000,Hrana,5.99
Papar u mlincu SK2,0212395,0.087,"90g,85g",Staklo,Deluxe,3.52,39.11,4335619266179,Hrana,3.52
Papar u mlincu SK2,0212395,0.087,"90g,85g",Staklo,Deluxe,3.52,41.41,4335619266186,Hrana,3.52
"Keksi punjeni kakao kremom, Vegan",0213213,0.5,500g,Pakovanje,Sondey,1.99,3.98,4335619082960,Hrana,1.99
Hrskavi muesli XXL SK3,0213241,1,1kg,Kart. na prekl.,Crownfield,5.99,5.99,4335619083004,Hrana,5.99
Salama s parmezanom SK1,0213334,0.06,60g,Atmos-Pakiranje,Deluxe,1.79,29.83,4335619083257,Hrana,1.79
Tekuæi sapun SK3,0214160,0.524,500ml,PET-Boca,Cien,1.19,2.38,4056489622604,Kozmetika,1.19
Gnijezda od špageta SK1,0214890,0.25,250g,Pakovanje,Deluxe,1.59,6.36,4056489853947,Hrana,1.59
Pelene Maxi pakiranje 4 mjeseca,0215130,4.35,168komad,Pakovanje,Lupilu,19.49,0.12,4335619099968,Proizvodi za kuæanstvo,19.49
Premium salama SK6,0215152,0.1,100g,Atmos-Pakiranje,Deluxe,1.99,19.9,20331139,Hrana,1.99
Veganski njoki SK1,0215733,0.5,"400g,600g",Vrecica,Vemondo,1.29,3225,4056489706298,Hrana,1.29
Veganski njoki SK1,0215733,0.5,"400g,600g",Vrecica,Vemondo,1.29,3225,4056489706304,Hrana,1.29
Premium Vanilin šeæer,0215971,0.024,24g,Pakovanje,Belbake,0.95,0.95,4335619105522,Hrana,0.95
Tjestenina fusilli,6908228,1,1000g,Vrecica,Combino,1.49,1.49,4056489925736,Hrana,1.49
Podravka Proljetna juha,6908286,0.05,50g,Vrecica,,0.99,19.8,3850104295201,Hrana,0.99
Nivea Sun Essential krema za lice,6908293,0.05,50ml,PET-Boca,,12.99,259.8,42449027,Kozmetika,12.99
Koestlin Èajno pecivo dupla èokol.,6908295,0.16,160g,Pakovanje,,1.49,9.31,3856014117886,Hrana,1.29
Nivea Essentiall Krema SK1,6908309,0.051,50ml,PET-Boca,,6.99,139.8,4005900935540,Kozmetika,6.99
Carlsberg Svijetlo pivo 5%,6908338,2,"4x0,5l",Limenka,,5.39,2.7,3858887583751,Piæe,5.39
"Pivac rol. peè. odojak, cca 1,5kg",6908360,1,"ca. 1,5kg",Vakumir. pakov.,,7.99,7.99,2137811000000,Hrana,7.99
Naturel Magnezij tablete,6908362,0.064,100komad,Pakovanje,,4.35,0.04,3858889361432,Hrana,4.35
Allegro Ekstra djevièan. masl. ulje,6908401,0.914,1l,Boca,,6.49,6.49,8437024935377,Hrana,6.49
Biskvit SK2,6908413,0.2,200g,Vrecica,Sondey,1.19,5.95,4056489926108,Hrana,1.19
"Toaletni papir 4-sloja, 10x180lis.",6908421,0.2,10x180Blatt,Pakovanje,Floralys,3.69,0.37,4056489611318,Proizvodi za kuæanstvo,3.69
Voæni èaj 50% RFA,6908431,0.04,40g,Kart. na prekl.,Lord Nelson,0.69,0.69,4056489926177,Piæe,0.69
Thomas Henry Ginger Beer,6908463,0.75,"0,75l",Boca,,3.99,5.32,4260310559650,Piæe,3.99
Ledo Quattro Colori Choco sladoled,6908482,0.75,1500ml,Posudica,,4.49,2.99,3850116064352,Hrana,4.49
Ledo meksièka mješavina smrznuta,6908485,0.4,400g,Posudica,,2.49,6.23,3850116053431,Hrana,2.49
Špin ovèji sir,6908516,0.23,230g,Vakumir. pakov.,,9.99,43.43,3858881196520,Hrana,9.99
Zorina mast Los. za nje. tijela SK1,6908555,0.3,300ml,PET-Boca,,6.99,23.3,3859894008022,Kozmetika,6.99
Losion za tijelo SK7,0098716,0.412,400ml,PET-Boca,Cien,2.39,5.98,20897307,Kozmetika,2.39
Losion za tijelo SK7,0098716,0.412,400ml,PET-Boca,Cien,2.39,5.98,4056489309055,Kozmetika,2.39
Maska za lice 2x8ml SK2,0098722,0.017,1komad,Pakovanje,Cien,0.59,0.59,20516505,Kozmetika,0.59
BB Krema za lice SK5,0098901,0.052,50ml,Kart. na prekl.,Cien,2.64,52.8,20561789,Kozmetika,2.69
"Vital krema za lice, SK1",0098905,0.051,50ml,Kart. na prekl.,Cien,2.29,45.8,20561840,Kozmetika,2.29
"Vital krema za lice, SK1",0098905,0.051,50ml,Kart. na prekl.,Cien,2.29,45.8,20561857,Kozmetika,2.29
Kutija za nakit,0455552,0.206,1ST,Pakovanje,Esmara,3,3,4335633004320,Kozmetika,3
Kutija za nakit,0455552,0.206,1ST,Pakovanje,Esmara,3,3,4335633004337,Kozmetika,3
Revlon Elektrièna èetka na vruæi zrak,0463108,0.82,1ST,Pakovanje,,15,15,0761318352228,Kozmetika,15
"Nescafé Dolce Gusto Barista, 3x16k.",0000515,0.336,336g,Kutija,,12.99,38.66,7613287379337,Piæe,12.99
Nescafé Dolce Gusto Barista 3x16k.,0000531,0.312,312g,Kutija,,12.79,40.99,8445290869678,Piæe,12.99
Always Ultra Quattro ulošci SK,0000536,0.165,"40komad,24komad,28komad,20komad",Pakovanje,,4.99,0.18,4015400489764,Proizvodi za kuæanstvo,4.99
Always Ultra Quattro ulošci SK,0000536,0.165,"40komad,24komad,28komad,20komad",Pakovanje,,4.99,0.18,8006540093764,Proizvodi za kuæanstvo,4.99
Always Dailies Dnevni ulošci SK,0000537,0.123,"52komad,44komad,58komad",Pakovanje,,2.99,0.07,4015400563846,Proizvodi za kuæanstvo,2.99
Always Dailies Dnevni ulošci SK,0000537,0.123,"52komad,44komad,58komad",Pakovanje,,2.99,0.05,4015400565574,Proizvodi za kuæanstvo,2.99
Gran Cereale Biscutis Digestive,0000544,0.25,250g,Stanga,,1.39,5.56,8076809545426,Hrana,1.39
Nescafe Dolce G. Rist. Barista 16k.,0000573,0.112,112g,Box,,4.49,40.09,7613036867580,Piæe,4.49
Èipi Èips SK1,0000629,0.195,"190g,200g",Vrecica,,2.99,15.74,3856021300547,Hrana,2.99
Èipi Èips SK1,0000629,0.195,"190g,200g",Vrecica,,2.99,14.95,3856021300646,Hrana,2.99
Ariel praš. za pranje rub. + Ult. O,0000658,3.3,"3,3kg",Pakovanje,,17.99,5.45,8006540940761,Sredstva za èišæenje,17.99
Ariel kapsule All in One Color Mega,0000661,1.292,63kom,Pakovanje,,20.99,0.33,8001090727541,Sredstva za èišæenje,20.99
o.b. ProComfort Tamponi SK,0000678,0.1,32komad,Kart. na prekl.,,6.49,0.2,3574661485201,Proizvodi za kuæanstvo,6.49
Haribo gumeni bomboni SK1,0000701,0.2,200g,Vrecica,,2.45,12.25,9002975722025,Hrana,2.45
Somat tablete za èišæenje per. pos.,0000713,0.06,3komad,Blister,Henkel,3.59,59.83,9000100999786,Sredstva za èišæenje,3.59
Gliss šampon Ultimate Repair,0000728,0.259,250ml,PET-Boca,Henkel,2.39,9.56,9000100801416,Kozmetika,2.39
Persil Discs Expert 34pr.,0000755,0.561,34komad,Samost.vreca,Henkel,14.99,0.44,9000101801446,Sredstva za èišæenje,14.99
Kellogg’s Granola Crunchy Nut Choco,0000829,0.38,380g,Vrecica,,2.99,7.87,5059319020365,Hrana,2.99
Persil Caps Universal 44 pranja,0000861,0.616,44kom,Pakovanje,,14.99,0.34,9000101804416,Sredstva za èišæenje,14.99
Mlijeèni desert SK21,0001004,0.515,900ml,Plitica,Bon Gelati,3.49,3.88,20169954,Hrana,3.49
Mlijeèni desert SK21,0001004,0.515,900ml,Plitica,Bon Gelati,3.49,3.88,20582593,Hrana,3.49
"Filet lososa s kožom, cca. 200-400g",0124551,1,ca. 200-400g,Pakovanje,-,19.99,19.99,2895636000000,Hrana,19.99
"Filet lososa s kožom, cca. 200-400g",0124551,1,ca. 200-400g,Pakovanje,-,19.99,19.99,2895637000000,Hrana,19.99
BO Kruh s ružmarinom i masl. uljem,0125049,0.56,500g,Rasuto,,1.69,3.38,20866518,Hrana,1.69
Mlijeèna èokolada,0126584,0.3,300g,Pakovanje,Fin Carré,4.59,15.3,20892296,Hrana,4.99
Sredstvo za èišæenje stakla,0127088,0.991,1l,PET-Boca,W5,1.79,1.79,20446147,Sredstva za èišæenje,1.79
Sredstvo za èišæenje stakla,0127088,0.991,1l,PET-Boca,W5,1.79,1.79,4056489135876,Sredstva za èišæenje,1.79
Kovèeg za nakit,0460597,0.958,1ST,Pakovanje,Esmara,13.99,13.99,4335815035838,Kozmetika,13.99
BBQ kobasice SK1,0195050,0.22,220g,Atmos-Pakiranje,Deluxe,3.03,13.77,4056489904625,Hrana,3.03
Mini sir SK1,0195563,0.12,120g,Pakovanje,Milbona,2.79,23.25,4056489883364,Hrana,2.79
Tradicionalni Hummus SK3,0195648,0.2,200g,Plitica,-,1.39,6.95,4056489844907,Hrana,1.39
Proljetne rolice SK3,0195692,0.35,350g,Vrecica,Vitasia,2.49,7.11,4056489915782,Hrana,1.95
BO Mini krafna sa èokoladom ,0195806,0.024,24g,Rasuto,,0.35,0.35,4335619171367,Hrana,0.35
Jogurt s Yuzu SK1,0196202,0.15,150g,Posudica,Vitasia,0.59,3.93,4056489917687,Hrana,0.59
Proteinski namaz SK1,0196240,0.32,320g,Staklo,Mister Choc,3.99,12.47,4056489917939,Hrana,3.99
Obrok u boci SK4,0196805,0.5,500ml,PET-Boca,Pilos,2.79,5.58,4304493270299,Hrana,2.79
High Protein Puding sa šlagom SK1,0196817,0.46,4x115g,Posudica,Milbona,2.49,5.41,4056489920069,Hrana,2.49
Kuglice od peradi s mesn. sirom SK1,0199351,0.3,300g,Kart. na prekl.,Alpenfest,2.79,9.3,4056489940050,Hrana,2.25
"Zeleni èaj ""Japanski stil"" SK1",0199540,0.04,20x2g,Kart. na prekl.,Vitasia,1.99,1.99,4056489947080,Piæe,1.99
Gyoza kimchi i svinjetina,0200026,0.4,400g,Vrecica,Vitasia,3.29,8.23,4056489955146,Hrana,3.19
Sojino ulje,0200431,0.25,250ml,Boca,Vitasia,1.79,7.16,4056489961819,Hrana,1.79
Kotanyi Zaèini za roštilj,0202883,0.08,80g,Limenka,,1.99,24.88,9001414206850,Hrana,1.99
Kotanyi Zaèini za roštilj,0202883,0.08,80g,Limenka,,1.99,24.88,9001414206898,Hrana,1.99
Kotanyi Zaèini za roštilj,0202883,0.08,80g,Limenka,,1.99,24.88,9001414306840,Hrana,1.99
Kotanyi Quick & Easy SK2,0203026,0.033,"25g,26g,30g,35g,40g",Vrecica,,0.69,0.69,9001414037300,Hrana,0.69
Kotanyi Quick & Easy SK2,0203026,0.033,"25g,26g,30g,35g,40g",Vrecica,,0.69,0.69,9001414237229,Hrana,0.69
Kotanyi Quick & Easy SK2,0203026,0.033,"25g,26g,30g,35g,40g",Vrecica,,0.69,0.69,9001414237243,Hrana,0.69
"Mars,Snickers,Twix,Bou.Minis SK2",0203889,0.275,275g,Vrecica,,3.59,13.05,5000159562454,Hrana,3.59
BO Èoko fantazija,0204103,0.1,100g,Rasuto,,1.49,14.9,4335619009981,Hrana,1.49
XXL Zaèin za salatu u limenci SK1,0205405,0.154,"140g,155g,160g,165g",Limenka,Kania,2.99,18.69,4335619015234,Hrana,2.99
XXL Zaèin za salatu u limenci SK1,0205405,0.154,"140g,155g,160g,165g",Limenka,Kania,2.99,18.69,4335619015241,Hrana,2.99
Mlijeèni desert SK73,0206127,0.527,900ml,Plitica,Bon Gelati,3.49,3.88,20288068,Hrana,3.49
Ruby èokolada s okusom šampanjca,0206484,0.1,100g,Kart. na prekl.,Duc de Coeur,2.59,25.9,4335619020443,Hrana,2.59
Regenerator za kosu SK1,0206654,0.327,330ml,PET-Boca,Cien,2.29,6.94,4056489994282,Kozmetika,2.29
Mlijeèna èokolada,5550245,0.1,100g,Tabla,,0.99,9.9,5900915029842,Hrana,0.99
Tamna èokolada,5550248,0.1,100g,Tabla,,1.19,11.9,5900915029880,Hrana,1.19
Miris za auto SK3,5552010,0.016,1komad,Pakovanje,W5,1.29,1.29,4056489716594,Sredstva za èišæenje,1.29
Trièetvrtmasni maslac,5553952,0.2,200g,Pakovanje,Pilos,1.79,8.95,5904951006034,Hrana,1.79
Tartar umak,5555258,0.37,370g,Staklo,Kania,1.99,5.38,4056489784616,Hrana,1.99
Bob,5555312,0.45,450g,Vrecica,Kuljanka,1.99,4.42,4056489880943,Hrana,1.99
Omekšivaè Iris&Cvijet naranèe 100pr,5564245,3,3l,PET-Boca,Doussy,3.49,3.49,4335619007994,Sredstva za èišæenje,3.49
Èaj u vreæici SK2,5566453,0.076,"40x1,7g,40x2g",Limenka,Deluxe,2.59,38.09,20690809,Piæe,2.59
Èaj u vreæici SK2,5566453,0.076,"40x1,7g,40x2g",Limenka,Deluxe,2.59,32.38,20690809,Piæe,2.59
Edelmeister Radler Limun 0%,5567172,0.517,"0,5l",Limenka,,0.79,1.58,5900535013665,Piæe,0.79
Edelmeister Radler Limun-menta 0%,5567178,0.515,"0,5l",Limenka,,0.69,1.38,5900535015638,Piæe,0.69
Topljeni sir,5569572,0.14,140g,Pakovanje,Pilos,1.49,10.64,5900746009464,Hrana,Nije_bilo_u_prodaji_02.05.2025
Bijela èokolada,5571107,0.1,100g,Pakovanje,-,1.09,10.9,5905858674654,Hrana,1.19
Pribor za manikuru-pedikuru,0444728,0.04,1ST,Pakovanje,Cien BEAUTY,0.5,0.5,4335747006753,Kozmetika,0.5
Aparat za šišanje,0444777,0.33,1ST,Pakovanje,Silvercrest Personal Care,15.99,15.99,4335633085831,Kozmetika,15.99
Kozmetièko ogledalo s rasvjetom,0444852,1.045,1ST,Pakovanje,Cien BEAUTY,7,7,4335747006814,Kozmetika,7
El. odstranjivaè rožnate kože,0444856,0.218,1ST,Pakovanje,Silvercrest Personal Care,3,3,4335747045783,Kozmetika,3
Pribor za kozmetiku i manikuru,0444866,0.034,1ST,Pakovanje,Cien BEAUTY,1,1,4335633058187,Kozmetika,1
Trimer,0444868,0.066,1ST,Pakovanje,Silvercrest Personal Care,3,3,4335747045530,Kozmetika,3
Sušilo za kosu,0444869,0.791,1ST,Pakovanje,Silvercrest Personal Care,10,10,4335747068980,Kozmetika,10
Èetka za uvijanje kose,0444875,0.726,1ST,Pakovanje,Silvercrest Personal Care,10,10,4335747068997,Kozmetika,10
Èetka za kosu,0444882,0.079,1ST,Pakovanje,Cien BEAUTY,1,1,4335747006821,Kozmetika,1
Èetka za kosu,0444882,0.079,1ST,Pakovanje,Cien BEAUTY,1,1,4335747006852,Kozmetika,1
Pjena za održavanje guma,0013079,0.42,600ml,Limenka,W5,2.49,4.15,4056489789383,Sredstva za èišæenje,2.49
WC-Aktiv pjena Ocean,0013177,0.457,500ml,Limenka,W5,1.49,2.98,20051358,Sredstva za èišæenje,1.49
WC-Aktiv pjena Ocean,0013177,0.457,500ml,Limenka,W5,1.49,2.98,4335619062573,Sredstva za èišæenje,1.49
Sprej za èišæenje kupaonice ,0013207,0.524,600ml,Limenka,W5,1.79,2.98,20159801,Sredstva za èišæenje,1.79
Keks s maslacem i mlij. èokoladom,0013346,0.125,125g,Kart. na prekl.,Sondey,1.99,15.92,20005542,Hrana,1.89
Philips Èetkica za zube,0468147,0.255,1ST,Pakovanje,,19.99,19.99,8710103985440,Kozmetika,19.99
Aparat za šišanje,0452783,0.224,1ST,Pakovanje,Silvercrest Personal Care,10,10,4335754012747,Kozmetika,10
Èetka za uvijanje kose,0452786,0.801,1ST,Pakovanje,Silvercrest Personal Care,19.99,19.99,4335753093945,Kozmetika,19.99
Škare za kosu- britvica,0460331,0.065,1ST,Pakovanje,,3,3,4052916105887,Kozmetika,3
Škare za kosu- britvica,0460331,0.065,1ST,Pakovanje,,3,3,4052916105894,Kozmetika,3
Zamjenske glave èetkica,0460355,0.05,1ST,Pakovanje,Nevadent,2.49,2.49,4052916108604,Kozmetika,2.49
Pribor za manikuru-pedikuru,0460356,0.039,1ST,Pakovanje,Cien BEAUTY,1,1,4335815035081,Kozmetika,1
Pribor za manikuru-pedikuru,0460356,0.039,1ST,Pakovanje,Cien BEAUTY,1,1,4335815035128,Kozmetika,1
Èetka za kosu,0460370,0.105,1ST,Pakovanje,Cien BEAUTY,1,1,4335815035746,Kozmetika,1
Sljeme Èajna pašteta u ovitku,6903931,0.1,100g,Stanga,,0.89,8.9,3850139230109,Hrana,0.89
Violeta Tekuæi deterdžent Color 45p,6904010,2.816,"2,7l",Boca,,9.29,0.21,3870128017085,Sredstva za èišæenje,9.29
"Kiseli kupus glavica, cca. 1kg",6904118,1,ca 1kg,Vakumir. pakov.,Okusi zavièaja,1.79,1.79,2143903000000,Hrana,1.79
"Kiseli kupus glavica, cca. 1kg",6904118,1,ca 1kg,Vakumir. pakov.,Okusi zavièaja,1.79,1.79,2143906000000,Hrana,1.79
Omekšivaè 80 pranja SK6,0170888,1.998,2l,PET-Boca,Doussy,2.99,0.04,4056489982982,Sredstva za èišæenje,2.99
Omekšivaè 80 pranja SK6,0170888,1.998,2l,PET-Boca,Doussy,2.99,1.5,4056489982999,Sredstva za èišæenje,2.99
Premium masline SK3,0171233,0.15,150g,Plitica,Deluxe,1.99,13.27,4056489554042,Hrana,1.99
Premium masline SK3,0171233,0.15,150g,Plitica,Deluxe,1.99,13.27,4056489554073,Hrana,1.99
Premium masline SK3,0171233,0.15,150g,Plitica,Deluxe,1.99,13.27,4335619015432,Hrana,1.99
Voæni jogurt 14% SK18,0171402,0.15,150g,Posudica,Vitasia,0.69,4.6,4056489570622,Hrana,0.69
Hummus [FK] SK3,0171646,0.22,220g,Plitica,Chef Select,1.99,9.05,4056489459538,Hrana,1.99
Poklon set lak za nokte,0171702,0.066,3komad,Pakovanje,Cien,1.99,1.99,4056489572688,Kozmetika,1.99
Grèki jogurt SK3,0171973,0.5,500g,Posudica,Milbona,2.19,4.38,4056489571131,Hrana,2.19
Tek. det. za pranje osj. rublja SK7,0172545,1.521,"1,5l",PET-Boca,Formil,3.75,2.5,4056489697640,Sredstva za èišæenje,3.75
Slatke kokice,0173371,0.5,500g,Pakovanje,MCENNEDY,3.29,6.58,4056489597216,Hrana,3.29
Proteinski kvark XXL SK1,0173558,0.5,500g,Posudica,Milbona,2.29,4.58,4056489601609,Hrana,2.29
Veganska kava SK1,0173661,0.235,235ml,Posudica,Vemondo,0.79,3.36,4056489591528,Hrana,0.79
Desert u èaši SK2,7406727,0.12,2x60g,Staklo,Deluxe,2.59,21.58,4056489491699,Hrana,2.59
Desert u èaši,7408401,0.11,2x55g,Staklo,Vitasia,2.79,25.36,4056489740544,Hrana,2.79
Svježi macaronsi Japan,7408458,0.156,12x13g,Blister,Vitasia,3.99,25.58,4056489740735,Hrana,3.99
Mini korneti SK2,7408579,0.214,12x28ml,Kart. na prekl.,Gelatelli,2.69,8.01,4056489741060,Hrana,2.69
Mini korneti SK2,7408579,0.214,12x28ml,Kart. na prekl.,Gelatelli,2.69,8.01,4056489741077,Hrana,2.69
Svježi macaroni,7408733,0.144,12x12g,Blister,,3.49,24.24,4056489741596,Hrana,3.49
Aromatizirani maslac SK1,7409654,0.125,125g,Pakovanje,Deluxe,2.13,17.04,4056489986225,Hrana,2.13
"Toaletni papir, 2sl., parfumirani",7500308,0.609,8komad,Pakovanje,Floralys,2.39,0.3,20423667,Proizvodi za kuæanstvo,2.39
Mješavina pahuljica,7500874,0.5,500g,Vrecica,Crownfield,0.75,1.5,20837082,Hrana,0.75
Namaz od povræa SK1,7503072,0.115,115g,Plitica,Vemondo,1.09,9.48,4056489067726,Hrana,1.09
Grill tofu SK3,7504328,0.18,180g,Pakovanje,Grillmeister,0.99,5.5,4056489068822,Hrana,0.87
Èaj od ðumbira SK2,7505446,0.05,"49,5g",Kart. na prekl.,Lord Nelson,1.39,1.39,4056489332565,Piæe,1.39
Tofu sa zaèinima SK3,7506452,0.18,180g,Pakovanje,Vemondo,1.19,6.61,4056489332848,Hrana,1.19
"Tvrdi sir u komadu, dozrijevao 12M",7602174,0.18,180g,Pakovanje,Pilos,3.29,18.28,4056489083511,Hrana,3.29
Komadi od sira BBQ,7608500,0.08,80g,Pakovanje,,1.19,14.88,4770299401128,Hrana,1.19
Bijele kobasice sa senfom,7700386,0.351,351g,Vakumir. pakov.,Alpenfest,3.29,9.37,4056489207238,Hrana,3.29
Oktoberfest knedle,7701155,0.5,500g,Pakovanje,Alpenfest,2.29,4.58,4056489758174,Hrana,2.29
"Schupfnudeln, Eierspätzle SK3",7701209,0.5,500g,Vrecica,Chef Select,2.09,4.18,20809676,Hrana,2.09
Tortelloni/Njoki od krumpira SK7,7701351,0.323,"250g,500g",Pakovanje,Combino,0.95,3.8,20830991,Hrana,1.19
Tortelloni/Njoki od krumpira SK7,7701351,0.348,"250g,500g",Pakovanje,Combino,0.95,1.9,20830991,Hrana,1.19
Organizator za šminku,0472392,1.003,1ST,Pakovanje,LIVARNO home,9.99,9.99,4052916444405,Kozmetika,9.99
"Marin. BBQ steak,b.k. s.k.,cca.500g",6904672,1,ca. 500g,Atmos-Pakiranje,Naša mesnica,5.79,5.79,2836099000000,Hrana,6.99
Extra džem od smokve SK1,6904678,0.24,240g,Staklo,Deluxe,1.99,8.29,4056489075134,Hrana,1.99
Extra džem SK1,6904682,0.24,240g,Staklo,Deluxe,1.99,8.29,4056489075141,Hrana,1.99
Sirup naranèa,6904696,1.12,1l,PET-Boca,Solevita,2.19,2.19,4304493259362,Piæe,2.19
Sirup borovnica,6904700,1.12,1l,PET-Boca,Solevita,2.19,2.19,4304493259409,Piæe,2.19
Sirup višnja Maraska,6904707,1.12,1l,PET-Boca,Okusi zavièaja,2.79,2.79,4304493259447,Piæe,2.79
Tekuæi jogurt š. voæe,6904723,1,1kg,PET-Boca,Pilos,1.89,1.89,4304493259607,Hrana,1.89
"Svježe pile, cca. 1,6kg",6904754,1,"cca. 1,6 kg",Atmos-Posudica,Naša mesnica,2.69,2.69,2130923000000,Hrana,3.09
Tvrdi sir od krav. i ovèjeg mlijeka,6904792,0.3,300g,Vakumir. pakov.,Okusi zavièaja,7.79,25.97,4056489316114,Hrana,7.79
Zlatne Doline Peèena šunka s kožom,6908944,1,cca. 1 kg,Vakumir. pakov.,,4.99,4.99,2606279000000,Hrana,4.99
"Edamer, polutvrdi sir",6908955,1,1kg,Vakumir. pakov.,,6.59,6.59,3859894087409,Hrana,6.59
Moj Kruh Baguette SK1,6908983,0.26,260g,Vrecica,,0.99,3.81,3859892992668,Hrana,0.99
z bregov Proteinski napitak van.,6908989,0.5,"0,5l",TETRA-PK,,2.69,5.38,3850108023770,Hrana,2.69
z bregov Proteinski napitak èoko.,6908990,0.5,"0,5l",TETRA-PK,,2.69,5.38,3850108023787,Hrana,2.69
Gallo Riža Arborio,6909008,1,1kg,Pakovanje,,3.49,3.49,8001420002911,Hrana,3.49
Proteini.si Oat Cake Banana choc.,6909022,0.06,60g,Pakovanje,,0.99,16.5,3830084724069,Hrana,0.99
Karla Pljukanci sa crnilom sipe,6909036,0.25,250g,Vrecica,,1.2,4.8,3858881509160,Hrana,1.2
Podravka Bijeli grah (OM 460g),6909043,0.46,800g,Limenka,,1.65,2.06,3850104020780,Hrana,1.65
ZIK ZAK paprika ljuti umak,6909082,0.31,310g,PET-Boca,,1.99,6.42,3856020275730,Hrana,1.99
Violeta Premium toaletni papir 3-sl,6909099,1.17,16x130Blatt,Pakovanje,,4.89,0.31,3859892288075,Proizvodi za kuæanstvo,4.89
PP Orahovica Èips od šarana Curry,6909119,0.25,250g,Kart. na prekl.,,3.99,15.96,3858889834455,Hrana,3.99
Jaja razred M,6909151,1.8,30komad,Pakovanje,,4.59,0.15,20246570,Hrana,4.59
Maasdamer polutvrdi sir cca. 300g,6909194,1,ca. 300g,Pakovanje,,7.69,7.69,2153409000000,Hrana,7.69
BO Kruh sa chia sjemenkama,6909201,0.34,340g,Rasuto,,1.29,3.79,4053216211469,Hrana,1.29
Svježi jadranski brancin oèišæeni,6909204,0.72,720g,Atmos-Pakiranje,Naša ribarnica,7.19,9.99,4056489926610,Hrana,10.99
Eva Losos salata Asiana,6909240,0.16,160g,Limenka,,1.99,12.44,3856020276720,Hrana,1.99
Autan Tropical Losion,6909245,0.126,100ml,Sprühdose,,9.79,97.9,5000204616392,Proizvodi za kuæanstvo,9.79
KH-7 Odmašæivaè,6909248,0.753,750ml,PET-Boca,,4.45,5.93,8420822115065,Sredstva za èišæenje,4.45
Ekos Cheesecake- pistacija torta,6909262,0.9,900g,Pakovanje,,18.99,21.1,3858889619670,Hrana,19.99
Nivea Krema/losion za tijelo SK1,6909300,0.6,625ml,PET-Boca,,5.6,8.96,9005800308456,Kozmetika,Nije_bilo_u_prodaji_02.05.2025
Nivea Krema/losion za tijelo SK1,6909300,0.6,625ml,PET-Boca,,5.6,8.96,9005800313719,Kozmetika,Nije_bilo_u_prodaji_02.05.2025
HealthyCo Prote Prot.namaz SK3,7004533,0.4,400g,Limenka,,4.69,11.73,7350021421623,Hrana,4.69
BO Kruh s više vrsta sjemenki,7200071,0.7,700g,Rasuto,,1.29,1.84,3800210988177,Hrana,1.05
Èileanske suhe šljive bez koštica,5508657,0.2,200g,Vrecica,Alesto,1.49,7.45,4056489119395,Hrana,1.49
Lak za nokte SK4,5508886,0.009,8ml,Pakovanje,Cien Beauty,1.19,1.19,5901801622642,Kozmetika,1.19
Lak za nokte SK4,5508886,0.009,8ml,Pakovanje,Cien Beauty,1.19,1.19,5901801622659,Kozmetika,1.19
Lak za nokte SK4,5508886,0.009,8ml,Pakovanje,Cien Beauty,1.19,1.19,5901801634126,Kozmetika,1.19
Lak za nokte SK4,5508886,0.009,8ml,Pakovanje,Cien Beauty,1.19,1.19,5901801661733,Kozmetika,1.19
Lak za nokte SK4,5508886,0.009,8ml,Pakovanje,Cien Beauty,1.19,1.19,5901801663652,Kozmetika,1.19
Lak za nokte SK4,5508886,0.009,8ml,Pakovanje,Cien Beauty,1.19,1.19,5901801663669,Kozmetika,1.19
Lak za nokte SK4,5508886,0.009,8ml,Pakovanje,Cien Beauty,1.19,1.19,5901801663744,Kozmetika,1.19
Sv. punj. jastuèiæi kupus i gljive,5508982,0.4,400g,Atmos-Posudica,Kuljanka,1.79,4.48,4056489119807,Hrana,1.79
Punjena mlijeèna èok. RFA SK2,5510305,0.1,100g,Tabla,Fin Carré,1.09,10.9,20902476,Hrana,1.19
Voæni jogurt s mueslima SK5,5510756,0.215,215g,Posudica,Pilos,1.49,6.93,20931735,Hrana,1.49
Kozmetièki pribor Emily in Paris,0471092,0.029,1ST,Pakovanje,,1,1,4335754012112,Kozmetika,1
Kozmetièki pribor Emily in Paris,0471092,0.029,1ST,Pakovanje,,1,1,4335754012136,Kozmetika,1
Hippis BIO Snackie Pouch,6908598,0.12,120g,Vrecica,,1.39,11.58,4062300325197,Hrana,1.39
Boom Box Zobeni napitak s vanilijom,6908607,1,1l,Pakovanje,,2.49,2.49,3856027800225,Hrana,2.49
Boom Box Krekeri rajèica-ružmarin,6908623,0.07,70g,Pakovanje,,0.89,12.71,3856027801369,Hrana,0.89
Ekos Voæna kremšnita,6908638,0.48,480g,Pakovanje,,4.99,10.4,3858889619328,Hrana,4.49
Ekos Tiramisu,6908640,0.25,250g,Pakovanje,,3.99,15.96,3858889619342,Hrana,3.99
PERFA Jaja podni uzgoj razred M,6908671,0.87,15komad,Pakovanje,,2.25,0.15,3859889056861,Hrana,2.25
Ira Vodootp. aranžman u cem. posudi,6908687,1.15,1komad,Pakovanje,,18.99,18.99,3856023042292,Proizvodi za kuæanstvo,18.99
Ira Cvijet ljiljan 50cm,6908714,0.017,1komad,Pakovanje,,1.99,1.99,3856023039889,Proizvodi za kuæanstvo,1.99
Ribella Hummus Italiano,6908737,0.2,200g,Posudica,,1.99,9.95,8606011890030,Hrana,1.99
L'Angelica Tekuæi sapun Refill SK1,6908763,1,1000ml,Vrecica,,3.49,3.49,8017331077016,Kozmetika,3.49
Colgate pasta za zube Max SK1,6908799,0.134,100ml,Pakovanje,,3.29,32.9,8718951313576,Kozmetika,3.29
Palmolive Refill Gel za tuš. SK1,6908820,1.034,1000ml,Vrecica,,4.99,4.99,8718951509238,Kozmetika,4.99
Vanish gel za odstr. mrlja white,6908856,3.09,3l,PET-Boca,,8.49,2.83,5997321748238,Sredstva za èišæenje,8.49
Silma Èvarci,6908869,0.2,200g,Vakumir. pakov.,,3.19,15.95,3859892782009,Hrana,3.19
Lasta Štrudla jabuka cimet,6908872,0.25,250g,Vrecica,,1.79,7.16,3870128039322,Hrana,1.79
Saltas Slani štapiæi s kikirikijem,6908895,0.27,270g,Vrecica,,2.19,8.11,3856014107078,Hrana,2.19
Kotanyi zaèini SK71,0217856,0.038,"33g,35g,36g,48g",Staklo,,2.49,69.17,5901032041182,Hrana,2.49
Kotanyi zaèini SK71,0217856,0.038,"33g,35g,36g,48g",Staklo,,2.49,75.45,9001414041130,Hrana,2.49
Kotanyi zaèini SK71,0217856,0.038,"33g,35g,36g,48g",Staklo,,2.49,71.14,9001414204245,Hrana,2.49
Jogurt - Müsli SK1,0218679,0.25,250g,Posudica,Chef Select,2.49,9.96,4335619126473,Hrana,2.49
Èokoladni posip SK4,0220047,0.4,400g,Kart. na prekl.,Belbake,2.75,6.88,20815554,Hrana,2.75
Teriyaki umak za kuhanje,0220203,0.2,200g,Vrecica,Vitasia,2.19,10.95,4335619134973,Hrana,1.82
Jermi Sir Old Amsterdam SK2,0220706,1,ca. 220g,Pakovanje,,24.99,24.99,2845750000000,Hrana,24.99
Lak za nokte Sunrise Glow,0221311,0.011,11ml,Boca,Cien Beauty,1.09,1.09,4335619149151,Kozmetika,1.09
Chum Churum Soju jagoda 13%,0221885,0.343,350ml,Boca,,2.99,8.54,8801030000396,Piæe,1.66
Kotanyi slatki zaèini SK72,0222573,0.065,"63g,65g,70g",Staklo,,2.49,39.52,9001414303382,Hrana,2.49
Mini ploèice,0223003,0.5,500g,Vrecica,Halloween,4.39,8.78,4335619166349,Hrana,4.39
Džem jag-mal / jag-van SK1,0223763,0.45,450g,Staklo,Maribel,2.89,6.42,4335619161467,Hrana,2.89
Sladoled od vanilije i èokolade,0226121,0.22,4x55ml,Kart. na prekl.,Gelatelli,3.99,18.14,4335619214170,Hrana,3.99
Tart SK1,0226412,0.253,"250g,255g",Kart. na prekl.,Deluxe,2.89,11.33,4335619197732,Hrana,2.89
BO Štangica sa slaninom,0227361,0.145,130g,Rasuto,,1.09,8.38,4335619207035,Hrana,1.09
Jastuèiæi punj. noug. / vanil. SK86,0227382,0.5,500g,Vrecica,Crownfield,2.25,4.5,4056489833499,Hrana,2.49
"BO Croissant s nougatom, 85g",0227543,0.095,85g,Rasuto,,0.78,9.18,4335619214149,Hrana,0.79
Sladoledni specijalitet špageti,0228023,0.243,370ml,Posudica,Gelatelli,2.14,5.78,4335619215887,Hrana,Nije_bilo_u_prodaji_02.05.2025
GGN/MSC Sushi SK20,0228627,0.178,"168g,178,5g,185g",Pakovanje,select & go,3.79,22.56,4335619221635,Hrana,3.79
GGN Sushi Mango Puree ,0228653,0.2,200g,Pakovanje,Vitasia,2.99,14.95,4335619221840,Hrana,2.99
Èetka za kosu,0466973,0.106,1ST,Pakovanje,Cien BEAUTY,1,1,4052916221709,Kozmetika,2.49
El. odstranjivaè rožnate kože,0472256,0.108,1ST,Pakovanje,Silvercrest Personal Care,5.99,5.99,4052916436615,Kozmetika,5.99
Sušilo za kosu,0472263,0.614,1ST,Pakovanje,Silvercrest Personal Care,12.99,12.99,4052916439005,Kozmetika,12.99
Spužvica za šminku,0472269,0.008,1ST,Pakovanje,Cien BEAUTY,0.99,0.99,4052916439579,Kozmetika,0.99
Spužvica za šminku,0472269,0.008,1ST,Pakovanje,Cien BEAUTY,0.99,0.99,4052916439593,Kozmetika,0.99
Kutija za nakit,0472273,0.179,1ST,Pakovanje,Esmara,5.99,5.99,4052916443897,Kozmetika,5.99
Pribor za kozmetiku i manikuru,0472274,0.033,1ST,Pakovanje,Cien BEAUTY,1.99,1.99,4052916443910,Kozmetika,1.99
Sušilo za kosu,0472278,0.506,1ST,Pakovanje,Silvercrest Personal Care,10.99,10.99,4052916502389,Kozmetika,10.99
Èetka za kosu,0466861,0.078,1ST,Pakovanje,Cien BEAUTY,2.49,2.49,4052916219126,Kozmetika,2.49
Set kozmetièkih kistova,0466868,0.141,1ST,Pakovanje,Cien BEAUTY,3,3,4052916221631,Kozmetika,3
Mini ploèice SK2,6200040,0.2,200g,Vrecica,Eridanous,2.79,13.95,20128029,Hrana,2.79
Halva s bademom,6200043,0.25,250g,Kart. na prekl.,Eridanous,2.29,9.16,20233679,Hrana,1.99
Hrskavi štapiæi SK2,6200286,0.175,175g,Vrecica,Eridanous,1.19,6.8,20616748,Hrana,1.19
Grèki feta sir,6200776,0.2,200g,Vakumir. pakov.,Milbona,3.29,16.45,20664459,Hrana,3.29
Štapiæi od kruha SK8,6204482,0.24,240g,Vrecica,Eridanous,1.54,6.42,4056489264767,Hrana,Nije_bilo_u_prodaji_02.05.2025
Head&Shoulders Šampon,0004845,0.31,300ml,PET-Boca,,3.99,13.3,5011321722552,Kozmetika,3.99
Head&Shoulders Šampon,0004845,0.31,300ml,PET-Boca,,3.99,13.3,8001090133908,Kozmetika,3.99
Knorr Umaci SK1,0004901,0.336,750ml,Kart. na prekl.,,1.49,0.5,4000400117151,Hrana,1.49
Knorr Umaci SK1,0004901,0.336,750ml,Kart. na prekl.,,1.49,0.5,4000400117717,Hrana,1.49
Knorr Umaci SK1,0004901,0.336,750ml,Kart. na prekl.,,1.49,0.5,8714100790281,Hrana,1.49
Knorr Umaci SK1,0004901,0.336,750ml,Kart. na prekl.,,1.49,0.75,8714100790298,Hrana,1.49
"Maramice u kutiji, 4-slojne",0025018,0.25,100komad,Pakovanje,Floralys,1.69,0.02,20181550,Proizvodi za kuæanstvo,1.69
Krpe za kupaonicu/posuðe SK5,0025297,0.05,4komad,Pakovanje,W5,1.59,0.4,4056489869641,Proizvodi za kuæanstvo,1.59
Potpuna hrana za pse SK21,0025323,1.24,1240g,Limenka,Orlando,1.89,1.52,20088828,Proizvodi za kuæanstvo,1.89
Kremasti sapun SK4,0025359,0.15,150g,Pakovanje,Cien,0.79,5.27,4056489547198,Kozmetika,0.79
Kremasti sapun SK4,0025359,0.15,150g,Pakovanje,Cien,0.79,5.27,4056489997627,Kozmetika,0.79
Krema za njegu lica SK8,0051058,0.052,50ml,Tuba,Cien,1.75,35,4056489236078,Kozmetika,1.75
Djeèji sprej za sunèanje ZF 50+,0051161,0.252,250ml,Boca,Cien Sun,6.99,27.96,20277666,Kozmetika,6.99
Display Gillette ,0000532,0,komad,Pakovanje,,0.01,0.01,,Kozmetika,0.01
Pašteta SK2,6708129,0.2,200g,Staklo,Deluxe,4.49,22.45,,Hrana,4.49
Celer,0082720,1,1kg,Rasuto,,1.29,1.29,,Hrana,1.29
Sladoled èokolada-kokos,6015486,0.37,370g,Posudica,Deluxe,2.97,8.03,,Hrana,2.97
Mini Brownies èokolada lješnjak,7403106,0.24,240g,Kart. na prekl.,MCENNEDY,1.79,7.46,,Hrana,1.79
"Dnevni higijenski ulošci, SK3",0003274,0.073,"32komad,45komad",Kart. na prekl.,Siempre,1.29,0.04,,Proizvodi za kuæanstvo,1.29
"Jabuka crvena, Tessa/Fengapi",0081272,1,1kg,Rasuto,,1.99,1.99,,Hrana,1.99
Osvježivaè zraka SK2,5706585,0.005,6ml,Boca,W5,1.19,198.33,,Sredstva za èišæenje,1.19
Mediteranska predjela SK1,0067706,0.4,"390g,410g",Plitica,Italiamo,4.49,11.51,,Hrana,4.49
Dinja žuta,0080550,1,1kg,Rasuto,,1.99,1.99,,Hrana,1.99
"Desert Tiramisu, Profiteroles SK9",0142216,0.475,"450g,500g",Pakovanje,Milbona,3.99,8.87,,Hrana,3.99
Dinja slatka,0080580,1,1kg,Rasuto,,1.99,1.99,,Hrana,1.79
Rajèica,0082415,1,1kg,Rasuto,,1.99,1.99,,Hrana,2.79
Poriluk,0082255,1,1kg,Rasuto,,1.49,1.49,,Hrana,1.99
